4509 5550
514 594 588 676 ³94
700 685 707 692 .
881 563 1634 674 DISQUlSlTlO'CllNONICA
1721 569 1728 586 '

512 762 792 856 &Juliuutu
818 751 1198 826 Euruountsr‘au
1218 753 1529 842 Novthrrsirrii.
1557 755 1598 823 ln
1620 755 1850 826 Droucnrt
1869 758 2000 826 wou-

512 875 748 932 mo'rloust
772 852 967 953 Capitulum
989 849 1136 926 clausum
1151 874 1237 924 extat
1252 854 1287 922 io
1302 855 1527 925 Ecetram
1540 854 1580 923 B.
1600 855 1643 924 V.
1664 855 1841 930 Wrrtturie
1868 853 1904 945 l)

1141 1085 1178 1169 §.
1227 1081 1361 1156 XXV.

467 1217 475 1230 ’
513 1219 637 1296 Etiam
666 1219 706 1292 itt
732 1213 907 1317 Capitulis
932 1211 1061 1307 Clruſsr
1089 1217 1250 1316 exceptio
1276 1218 1323 1307 est
1351 1218 1494 1292 ratione
1521 1229 1701 1291 certarum
1727 1207 1997 1289 Probendorrrm

574 1323 800 1399 Dotlorrltum²
823 1319 1081 1412 presbyteratum,
1107 1315 1275 1407 [permittet
1292 1321 1569 1410 Privilegirrarum
1585 1319 1646 1392 &n
1663 1338 1792 1408 querum
1803 1314 1938 1411 peffeffrr

990 1435 1060 1484 mox
1074 1417 1115 1483 id
1138 1418 1310 1506 Capitulum
1324 1418 1516 1486 admittitur.

478 1617 486 1624 -
627 1565 722 1634 Licet
741 1581 852 1634 tutem
875 1563 909 1632 in
926 1559 1041 1656 regula
1063 1563 1098 1633 in
1115 1559 1286 1645 Ecclesris,
1317 1559 1375 1634 ubi
1396 1559 1551 1659 capitula
1571 1556 1678 1633 clauso
1700 1556 1775 1631 sum
1791 1557 1993 1644 introdusit,

510 1661 621 1736 nullus
636 1660 914 1734 Domieellrri‘um
928 1657 1006 1733 li'cet
1020 1655 1188 1736 absolutis,
1198 1663 1291 1731 annis
1307 1659 1491 1742 Cerentiae,
1518 1658 1577 1730 ubi
1592 1657 1761 1740 obtinent,
1791 1657 1824 1730 ἃ
1848 1655 1991 1729 refiden-

512 1766 556 1833 tia
572 1755 726 1858 perella,
750 1755 974 1853 omnibusque
988 1754 1141 1856 provisus
1155 1756 1370 1854 qualitatibus
1379 1758 1575 1855 Capitulum
1592 1757 1748 1828 accedere
1765 1779 1918 1850 nequeat,
1937 1754 1993 1828 sed

509 1853 699 1953 exspectare
713 1877 883 1936 tenentur,
906 1857 1011 1926 donec
1028 1854 1206 1950 prebenda
1223 1856 1425 1951 Capitularis
1446 1879 1557 1937 vocet,
1581 1851 1691 1951 &ipit
1718 1855 1753 1924 in
1770 1855 1889 1924 ordine
1914 1879 1994 1949 pro·

510 1958 601 2025 rimo
617 1952 817 2026 concedatur
830 1954 955 2027 aditus.
984 1954 1054 2024 hec
1069 1967 1179 2024 tamen
1193 1955 1307 2045 regule
1323 1951 1396 2024 suas
1417 1955 1545 2050 petitur
1557 1953 1789 2046 correptiones²
1816 1951 1898 2021 dum
1922 1955 1992 2022 Do·

435 2083 437 2094 ·
509 2045 695 2123 micellores
712 2071 877 2120 certarum
894 2047 1085 2146 possessores
1103 2048 1357 2146 prebendarum
1371 2049 1492 2122 debitis
1513 2047 1679 2145 requisitis
1694 2045 1833 2143 provisi,
1866 2047 1992 2144 pressi·

510 2143 951 2316 lilliillllllll
972 2144 1329 2316 El¹‘⁶il‘‡“²”l⁸
1350 2150 1506 2316 'iss‘
1530 2143 1896 2315 P⁰ffi⁰iosll⁰llil
1920 2144 1991 2315 iil

494 2271 671 2431 lullum,
705 2365 850 2436 quorum
883 2267 1083 2438 polslssotes³
1094 2251 1814 2438 plerumlqlueumescenesslolltrtaecerpitulum,
1840 2341 1917 2412 ideo
1934 2283 1991 2412 au:

508 2463 577 2513 tem
593 2441 643 2511 nae
659 2437 865 2535 prebende,
890 2439 1138 2537 particulariter
1152 2441 1227 2511 sunt
1242 2441 1483 2536 privilegiatae,
1506 2443 1584 2538 quir
1599 2437 1819 2510 Ecclestarum
1840 2443 1988 2531 particu-

359 2591 363 2600 .
506 2539 630 2610 larium
650 2538 827 2616 intererat,
853 2559 889 2606 at
907 2559 1019 2608 certus
1040 2539 1288 2608 Cenonieorurn
1311 2539 1569 2630 graduatorum,
1610 2540 1667 2634 qui
1692 2533 1988 2633 presumptionem

505 2634 708 2709 eruditionis
724 2656 787 2731 pro
803 2629 834 2702 se
851 2631 1033 2713 habebant,
1057 2658 1217 2706 numerus
1234 2633 1366 2732 semper
1383 2661 1510 2708 extaret
1524 2639 1557 2706 in
1572 2635 1750 2730 capitulo,
1779 2637 1837 2727 qui
1853 2633 1987 2730 Episco-

571 2731 624 2805 vel
644 2735 780 2805 Decano
797 2726 862 2801 suia
877 2727 1054 2803 assisterent
1069 2730 1226 2814 confiliis,
1241 2736 1278 2825 e)
1304 2733 1430 2807 &ideo
1443 2731 1592 2805 clausura
1607 2731 1755 2829 Capituli
1780 2729 1879 2803 ltosee
1903 2757 1986 2831 prae·

497 2755 668 2903 sendrros
682 2828 771 2899 haud
787 2824 936 2919 stringit,
960 2826 1016 2899 sed
1031 2828 1105 2911 ille,
1132 2833 1191 2926 qui
1206 2830 1385 2926 prebenda
1400 2829 1575 2903 Doslorali
1596 2827 1766 2928 provisus,
1799 2834 1986 2929 ceterisque

502 2950 572 3026 pro
589 2927 755 3021 erigentia
767 2922 918 2997 Ecelelioe
933 2946 1071 2997 ornetur
1086 2923 1134 2997 est
1147 2927 1380 3023 qualitatibus,
1395 2930 1436 3001 ad
1450 2928 1644 3025 Capitulum
1659 2953 1736 2999 mor
1751 2925 1849 2999 debet
1863 2928 1983 3001 admit·

504 3027 544 3099 ti.
569 3026 606 3115 l)
656 3026 699 3093 Et
718 3021 854 3119 quidem
870 3021 911 3093 ad
926 3021 989 3095 hoc
1002 3024 1108 3113 magis
1125 3024 1234 3097 adhue
1248 3025 1431 3099 contribuit
1447 3028 1666 3100 conciliorum
1689 3024 1837 3098 Eccleliae
1851 3031 1984 3100 uniter·

431 3190 461 3219 *-
503 3119 622 3195 salium
651 3116 921 3190 &Pontificium
946 3118 1010 3213 pro
1029 3118 1236 3194 Dolloribnr
1260 3124 1373 3197 favor:
1408 3149 1485 3197 cum
1507 3127 1598 3197 enim
1615 3128 1703 3196 inter
1723 3120 1843 3194 causas
1865 3124 1985 3221 depra·

503 3219 573 3291 veti
602 3215 694 3289 Cleri
720 3215 854 3289 Seculia
884 3219 979 3288 Xlll.
1012 3220 1107 3293 xlv.
1142 3218 1176 3291 &
1209 3224 1284 3292 XV.
1312 3216 1501 3294 referretur
1531 3220 1631 3295 crassa
1665 3223 1736 3319 ejus
1774 3221 1981 3311 ignorantie.

502 3316 594 3389 inter
632 3313 783 3387 remedie
817 3306 1068 3388 reformationis
1104 3340 1172 3414 pro
1212 3318 1278 3392 hoc
1315 3319 1406 3392 malo
1434 3318 1583 3396 tollendo
1614 3343 1676 3420 per
1712 3316 1840 3411 legator
1875 3324 1984 3397 natio·

786 3460 789 3465 -
1255 3458 1258 3463 ·
1745 3441 1750 3448 ·
1930 3443 1981 3491 mr

541 3583 577 3675 b)
599 3578 637 3645 ln
651 3576 876 3644 Ecconsrn
897 3578 1196 3647 Contentarn
1216 3580 1254 3647 B.-
1266 3581 1309 3651 V.
1329 3584 1364 3647 rit
1382 3582 1529 3650 Wurtzett
1547 3584 1709 3649 Misnenlia
1727 3584 1912 3652 Dioeeet‘eor
1948 3610 1981 3651 t·

482 3672 486 3685 ’
614 3662 692 3723 riter
705 3662 864 3805 eptondrm
885 3663 946 3726 luit
966 3662 1147 3745 Capitulum
1169 3664 1324 3739 clausum.
1347 3677 1444 3751 prout
1461 3670 1582 3730 eruitur
1601 3688 1644 3731 ex
1667 3670 1802 3734 Slotutr'r
1819 3610 1980 3753 praeditsae

612 3740 711 3807 Eccle
736 3760 764 3807 ω
783 3761 868 3807 nunc
887 3742 1108 3810 saeculrrisrtae
1130 3748 1386 3831 demorsos.
1409 3768 1441 3815 n.
1464 3769 1495 3832 4.
1511 3749 1571 3833 seq.
1591 3752 1624 3815 io
1646 3750 1848 3817 Lutttou
1872 3752 1979 3837 Spiris.

552 3832 555 3839 '
615 3821 727 3908 Errlrl.
750 3824 868 3891 cereto.
883 3825 908 3891 1.
922 3846 951 3910 p.
967 3838 1039 3910 841.
1578 3876 1585 3885 .

536 3946 579 4037 ι)
597 3940 678 4008 Haec
693 3942 789 4007 etun
809 3940 871 4009 luit
890 3946 989 4021 ratio,
1012 3962 1068 4010 cur
1086 3945 1119 4009 in
1134 3942 1248 4029 Belgio
1258 3944 1453 4011 „constitutis
1469 3966 1486 4010 a
1502 3945 1724 4012 Pnrnrrro
1746 3946 1789 4015 11.
1811 3948 1977 4033 Hisponir·

612 4044 684 4089 mm
711 4024 799 4107 Rege
824 4028 921 4096 novis
946 4024 1187 4112 Episcopttibna
1215 4028 1352 4092 ordinati
1380 4028 1469 4093 simul
1495 4028 1614 4094 luerint
1642 4030 1787 4096 canonici
1807 4034 1976 4117 graonam,

611 4124 749 4189 quornm
772 4108 923 4173 beneficia
936 4112 974 4173 ab
987 4110 1135 4175 omnibus
1149 4110 1436 4184 tatmettonibar,
1458 4111 1672 4196 expestotivia
1684 4112 1748 4178 istc.
1771 4115 1842 4180 suut
1861 4137 1976 4181 exem·

515 4258 520 4267 ,
610 4202 661 4264 to,
680 4188 812 4255 testenta
827 4189 1030 4256 Eranuto
1046 4196 1079 4255 r'u
1092 4188 1136 4275 ἃ.
1158 4191 1265 4277 Eccles.
1278 4195 1364 4256 uuio.
1381 4192 1412 4257 P.
1427 4193 1453 4257 1.
1468 4193 1509 4275 T,
1521 4194 1563 4261 Χ.
1580 4216 1608 4261 c.
1626 4215 1656 4263 1.
1672 4216 1703 4261 n.
1717 4218 1748 4281 7.

537 4311 574 4395 1)
596 4306 753 4373 Dicuntur
772 4320 878 4374 tamen
896 4318 1007 4375 exiere
1023 4308 1172 4374 Ecclestae
1192 4309 1353 4393 quedem,
1375 4310 1428 4373 nbi
1451 4309 1594 4393 Capitnla
1617 4314 1717 4377 claust
1735 4314 1806 4377 sunt
1826 4312 1974 4377 introdu-

610 4388 678 4462 sta,
701 4394 774 4473 quin
794 4394 983 4475 praebendeti
1009 4392 1199 4457 Dosloralea
1221 4412 1287 4478 prae
1313 4392 1440 4473 reliquie
1464 4394 1600 4459 habeant
1625 4396 1890 4480 praerogrtivrm,
1920 4394 1970 4459 letl

609 4491 702 4534 ruore
718 4474 909 4555 reliquorum
923 4475 1182 4541 Domicellarium
1203 4476 1235 4540 ln
1256 4474 1312 4538 l'uo
1333 4476 1445 4538 ordina
1467 4479 1637 4561 expetiere
1652 4489 1840 4551 teneantur,
1863 4474 1973 4542 conle-

607 4564 743 4699 pptenter
774 4556 828 4623 ubi
857 4557 921 4623 hoe
948 4556 1122 4643 specialiter
1146 4556 1192 4624 est
1222 4566 1383 4642 receptum
1395 4602 1406 4638 ,
1428 4559 1626 4626 observantia
1655 4578 1714 4643 pro
1744 4578 1856 4626 nottnt
1877 4556 1972 4627 inser·
