4509 5550
712 519 721 568 l

346 614 349 625 .
405 617 414 636 .
487 590 558 670 134
850 558 1226 673 orsQutstmo
1278 525 1593 638 canoutcn

486 747 693 838 famulantes,
712 741 962 838 [civitatensis.
978 739 1179 836 i)Eccleliae
1194 747 1229 817 S.
1246 743 1384 842 Joannis
1403 735 1492 814 fasir
1513 738 1561 813 est
1581 736 1752 836 reparatio
1773 761 1793 812 a
1812 733 1975 838 capitulo

488 841 703 940 Metropolis.
717 847 878 936 Mogunt.
894 843 1006 914 damni
1016 839 1269 916 obdesituilnm
1284 841 1441 924 domum,
1466 865 1540 937 quae
1548 837 1731 932 vulgariter
1746 846 1976 912 Dormientium

493 936 750 1038 appellabatur,
781 961 887 1036 prout
909 937 1064 1012 discimus
1087 965 1132 1012 et
1154 938 1349 1036 Diplomatc
1373 939 1417 1008 de
1442 962 1473 1011 a.
1502 961 1606 1026 1294.
1632 934 1722 1032 apud
1742 939 1976 1030 Jonaum·

491 1057 520 1110 D
535 1057 596 1109 unt
614 1035 639 1109 l.
655 1062 685 1112 c.
705 1043 752 1108 T.
775 1043 820 1108 ll.
846 1063 880 1136 p.
909 1061 996 1128 700.
1022 1036 1220 1135 Capitulum
1242 1035 1387 1132 denique
1401 1039 1433 1106 S.
1458 1035 1615 1108 Mauritii
1634 1032 1785 1106 vendidit
1810 1059 1839 1104 a,
1866 1058 1987 1130 ¹²¹42

488 1135 651 1208 horreum
691 1133 860 1233 quoddam
887 1135 981 1232 jutta
1008 1139 1218 1210 dormitoriam
1251 1136 1383 1227 Ectscstae
1414 1129 1511 1208 ficum
1542 1129 1623 1212 cesla
1654 1131 1851 1228 Diplomate
1882 1130 1907 1218 l.¹
1939 1156 1976 1206 c·

433 1258 440 1278 '
488 1255 629 1330 1³·70r·
762 1265 770 1276 ’

1146 1369 1183 1456 §0
1232 1365 1331 1441 V-ll.

570 1501 631 1581 De
642 1501 867 1598 Daffirentia
883 1497 984 1574 inter
1001 1494 1223 1598 capitulares
1239 1498 1286 1578 θ’
1301 1495 1553 1574 Domicedares
1576 1497 1649 1574 illis
1664 1491 1887 1600 temporibus.

606 1638 708 1736 Quod
733 1639 875 1710 durante
900 1633 1009 1706 adhuc
1035 1637 1102 1706 vita
1123 1637 1295 1708 communi
1321 1632 1570 1706 Canonicorum
1593 1633 1790 1706 Monachali
1814 1633 1976 1722 maxima,

490 1731 573 1808 licut
585 1737 694 1808 adhuc
708 1737 812 1808 bodie
826 1733 859 1808 se
873 1757 927 1805 res
945 1730 1063 1812 haber,
1078 1733 1146 1827 jam
1162 1729 1268 1806 fuerit
1284 1725 1475 1804 differentia
1494 1731 1705 1827 Capitolares
1727 1734 1815 1802 inter
1839 1755 1877 1804 ac
1900 1735 1978 1804 Do·

490 1833 696 1912 micellares,
724 1836 899 1904 innumere
928 1828 1065 1900 illorum
1086 1850 1279 1927 temporum
1300 1850 1517 1902 monumenta
1537 1825 1772 1901 demonstrant.
1802 1827 1841 1914 a)
1877 1830 1976 1902 Sicut

492 1932 583 2001 enim
602 1930 814 2026 Capitularea
827 1933 861 2000 in
881 1924 1031 1998 Ecclcfiis
1045 1924 1460 2000 cathedralibussennum
1481 1922 1656 2023 Episcopi,
1682 1925 1767 1998 &in
1781 1921 1973 1999 minoribus

491 2023 550 2099 seu
570 2027 753 2119 collegiatis
772 2025 918 2098 senatum
940 2026 1084 2108 Decani,
1115 2025 1168 2096 vel
1196 2031 1266 2097 Prae
1293 2021 1364 2096 osci
1391 2021 1647 2106 constituebant,
1679 2021 1704 2094 st
1731 2017 1974 2118 nonnisi—ordi·

490 2121 590 2195 nibus
603 2125 785 2219 majoribus
799 2122 919 2196 initiati
930 2125 965 2213 b)
989 2125 1151 2194 canonici
1166 2147 1243 2195 voro
1258 2049 1291 2194 s
1300 2119 1459 2213 suffragio
1469 2124 1502 2192 in
1517 2120 1575 2191 tali
1590 2117 1703 2192 senatu
1717 2119 1914 2213 gaudebant,
1934 2124 1972 2216 c)

492 2221 700 2317 occupabant
716 2245 877 2319 praeterea
891 2219 939 2288 illi
955 2215 1047 2290 sedes
1062 2223 1097 2289 io
1113 2219 1229 2294 Choro
1245 2218 1433 2317 superiores
1450 2217 1769 2315 honoratiorcaque,
1784 2233 1786 2242 “
1795 2242 1976 2314 promoue-

491 2318 525 2390 ri
540 2340 697 2412 poterant
711 2321 752 2390 ad
775 2317 952 2409 dignitates
973 2316 1201 2413 capitulares,
1223 2314 1460 2413 comparebant
1484 2317 1619 2387 nomine
1643 2314 1792 2414 Capituli
1813 2340 1975 2413 tanquam
2025 2359 2030 2378 .

492 2414 646 2507 deputati
660 2419 695 2488 in
712 2415 870 2487 Concilit's
886 2413 1167 2499 Prouincialibus,
1182 2412 1362 2509 'variisque
1376 2413 1448 2482 aliis
1463 2406 1597 2509 praediti
1620 2435 1715 2484 erant
1737 2413 1975 2487 emolumentis

491 2509 528 2586 dr
541 2511 700 2608 Juribua,
725 2518 765 2608 a)
781 2506 1052 2608 meosadeoique
1063 2509 1244 2586 utebantur
1257 2516 1292 2586 in
1306 2509 1424 2586 eodem
1438 2533 1515 2584 cum
1530 2506 1698 2608 Episcopo
1712 2509 1765 2586 uel
1785 2508 1975 2609 respesiive

1865 2613 1975 2684 Deca-

399 2728 402 2732 Δ
531 2739 641 2831 1»)an
653 2742 733 2817 vitae
751 2743 931 2808 communia
947 2740 1106 2823 disciplina
1118 2738 1213 2803 etiam
1225 2740 1327 2806 adhue
1349 2739 1484 2823 superesi
1501 2755 1618 2803 nomeu
1629 2739 1822 2823 pacemne,
1842 2741 1914 2823 quia
1936 2759 1974 2805 e·

358 2840 362 2852 ·
604 2827 671 2889 nim
682 2825 863 2888 Canonicia
884 2824 1095 2888 Saecularibus
1108 2822 1258 2902 Negotiis
1272 2822 1306 2885 dc
1320 2824 1586 2889 administratione
1597 2824 1775 2895 bonorum,
1797 2840 1868 2904 quae
1880 2842 1974 2887 oom-

604 2908 773 2969 muniteta
790 2906 987 2987 Praeposito,
1010 2905 1208 2973 Advocato,
1229 2904 1283 2967 vel
1294 2904 1423 2968 cellario
1437 2902 1745 2976 administrabantur,
1762 2916 1851 2967 erant
1864 2904 1973 2981 alicui,

604 2983 674 3049 &a
694 2987 808 3061 bonis,
841 3005 912 3067 quae
932 2988 964 3050 in
983 2986 1145 3047 communi
1169 2984 1416 3067 possidebantur,
1439 2986 1568 3067 lingulis
1604 2984 1773 3050 Canonicia
1803 2984 1974 3051 necessaria

601 3067 817 3215 ppnpebantar
845 3069 1012 3142 alimenta,
1051 3064 1093 3130 sic
1123 3067 1244 3130 exinde
1266 3068 1412 3133 remansit
1439 3068 1613 3133 Ptabmdoe
1637 3068 1775 3134 Nomen.
1802 3089 1830 3134 c.
1860 3068 1910 3136 16.
1930 3070 1974 3135 de

531 3247 572 3332 a)
592 3246 642 3313 De
657 3259 780 3312 coetero
792 3248 887 3311 etiam
903 3258 978 3325 pote
990 3246 1219 3329 chrodogangt
1234 3258 1378 3333 tempora
1397 3246 1503 3311 clerici
1515 3244 1662 3319 iuniores
1677 3252 1709 3315 in
1726 3241 1895 3317 seminariis
1908 3250 1974 3317 Ec·

606 3330 915 3476 pipptpphppttseprpsuip
934 3330 1076 3477 lspicceotiis
1099 3328 1133 3393 dc
1147 3332 1290 3396 moribus
1316 3327 1435 3420 Eccless
1460 3330 1702 3413 erudiebantur,
1726 3334 1766 3399 de
1784 3352 1850 3415 quo
1871 3333 1974 3401 muna

533 3526 569 3613 b)
590 3526 634 3594 Et
650 3530 775 3612 quidem
795 3529 940 3613 primitus
953 3524 1076 3589 nonnisi
1096 3522 1338 3607 praesbyteri&
1360 3524 1548 3593 Diacdniad
1570 3527 1748 3611 Capitulum
1764 3531 1976 3597 admitteban-

608 3619 684 3681 tur,
709 3612 791 3675 unde
813 3610 965 3673 Pascltalis
987 3608 1027 3669 IL
1043 3608 1192 3691 pontifex
1206 3605 1362 3689 Episcopo
1387 3608 1645 3691 compostellano
1664 3610 1798 3677 sormam
1817 3615 1973 3681 coustitu-

607 3693 698 3756 endae
709 3692 858 3755 Ecclesiae
868 3691 1028 3755 delineaos
1046 3690 1184 3774 Epistola
1200 3709 1247 3772 15.
1262 3689 1365 3752 scribit
1378 3708 1388 3750 t
1415 3692 1643 3757 cardinalitia
1659 3694 1786 3771 Etriefin
1804 3703 1858 3761 suo
1870 3717 1973 3781 petes-

607 3776 730 3855 byteros
737 3774 795 3857 seu
809 3776 961 3836 Diaconos
975 3774 1047 3835 tales
1067 3772 1228 3858 conflitot,
1245 3790 1297 3851 qua
1310 3770 1404 3855 tilgne
1416 3776 1535 3838 vomant
1553 3768 1766 3860 commiffofibt'
1780 3778 1976 3863 Ecclesiajlita‘

608 3858 770 3939 regiminis
781 3873 874 3917 mern
884 3852 1042 3939 sustinere.
1088 3853 1168 3915 Cum
1183 3872 1262 3918 vero
1274 3852 1392 3919 Urbani
1410 3853 1451 3918 ΙΙ.
1476 3866 1639 3937 tempore,
1656 3866 1693 3919 ut
1715 3869 1828 3941 putant
1845 3862 1973 3944 plures,

607 3936 750 4019 caepisset
770 3937 1009 4000 subdiaconatus
1033 3936 1070 3997 ad
1087 3936 1190 3999 sacros
1207 3935 1335 4007 ordines
1353 3936 1490 4015 majores
1511 3936 1641 4010 referri,
1661 3948 1742 4005 tuno
1775 3961 1881 4024 uoque
1902 3943 1976 4006 sub-

526 4043 535 4059 ·
606 4019 750 4083 diaconia
768 4018 1000 4081 communicata
1016 4016 1085 4079 suut
1096 4016 1251 4099 potissima
1286 4016 1633 4099 uaequeCapitulatium
1644 4018 1736 4102 Juta,
1753 3960 1975 4089 bornamen.

608 4110 652 4166 ta.
666 4100 762 4165 Cous.
782 4099 1128 4163 Tnomasrtrusl.
1146 4120 1174 4164 c.
1190 4098 1223 4164 P.
1237 4036 1311 4162 ib.
1323 4118 1354 4179 3.
1366 4098 1401 4161 C.
1421 4116 1469 4163 10.
1485 4118 1516 4165 n.
1532 4120 1558 4166 r.
1578 4098 1654 4164 &m

536 4216 568 4299 c)
592 4214 771 4299 thuidcm
782 4214 956 4300 Episcopus
968 4215 1158 4298 Praepositae
1174 4216 1227 4279 vel
1241 4216 1385 4281 Decanus
1400 4214 1463 4279 stne
1475 4216 1589 4281 horum
1598 4216 1739 4284 Consilio
1754 4221 1808 4285 vel
1820 4223 1974 4289 consensit

607 4317 658 4360 res
678 4296 825 4361 Ecclesia
844 4298 907 4363 suae
922 4298 1056 4380 alicujus
1079 4300 1235 4361 momenti
1257 4298 1446 4377 pertrastare
1469 4318 1535 4361 uon
1557 4302 1674 4381 potuit.
1703 4300 1795 4366 Cons.
1824 4304 1972 4373 Tarum.

488 4382 493 4390 '
607 4378 629 4443 l.
646 4399 676 4441 c.
692 4379 759 4443 l‘.l.
774 4378 931 4445 L.111,·c.
944 4380 986 4445 >L
1005 4399 1035 4441 n.
1046 4378 1078 4442 6.
1090 4396 1161 4459 quae
1173 4397 1232 4523 pet
1247 4378 1318 4451 Jura
1332 4380 1453 4446 Canon.
1473 4380 1736 4449 &Tridentioum
1750 4384 1839 4451 suere
1853 4386 1974 4453 confit-

608 4460 918 4526 nicaeorum
940 4461 1158 4525 Earsulc.
1197 4458 1457 4549 ·1·T2¹X·⁰·4·
1540 4472 1544 4479 '

459 4618 467 4633 ,
532 4576 574 4661 ti)
593 4572 676 4640 Dum
687 4584 772 4638 certa
784 4585 950 4725 prompta,
970 4573 1223 4650 consolationes,
1243 4575 1416 4659 praecelse.
1440 4546 1701 4647 distribuebantur
1713 4582 1973 4671 intcacapttola·

608 4675 679 4737 rea,
698 4658 864 4741 dequibus
906 4656 1200 4723 omicellareshaud
1214 4661 1451 4745 participarunt.
