4509 5550
523 544 601 642 37⁶
760 470 763 478 ¹
967 480 1549 609 o'ts‘sa'ttrsrto

527 743 600 792 tum
614 708 856 816 Jussinianeus,
879 737 917 786 ac
930 715 1061 807 Regum
1073 717 1282 787 Francorum
1305 709 1612 810 Capitulariapleni
1626 706 1722 783 sunt?
1772 714 1914 797 Arenim'
1924 718 2016 791 evol·
2038 689 2039 711 Χ

523 842 642 889 vanius
662 818 724 887 ltos
739 814 904 895 Codices,
928 836 1054 911 eosque
1066 835 1144 902 cum
1161 814 1314 885 Decretis
1330 813 1568 893 Consiliorum·
1583 804 1817 896 conferamus;
1842 815 1877 887 u
1894 815 2014 913 depre-

527 913 731 995 hendemus,
750 917 864 1003 Leges
880 908 927 982 ibi
946 911 1159 983 occurrentes
1175 914 1317 982 maxima
1333 936 1370 981 ex
1390 933 1489 1008 parte
1500 898 1635 981 efisdem
1653 901 1717 977 esse
1740 910 2013 995 constitutiones,

529 1018 612 1110 quas
629 1014 662 1083 in
672 1010 830 1082 Conciliis
843 1008 884 1081 ab
898 1005 1079 1107 Episcopis
1089 1009 1238 1081 decretas
1255 1006 1410 1101 legimus.
1446 1012 1583 1079 Horum
1595 1028 1719 1101 nempe
1730 1005 1869 1080 hortatu
1884 1034 1921 1081 ac
1937 1034 2013 1107 pre·
2038 1012 2039 1047 l

525 1108 620 1182 cibus
634 1108 767 1181 easdem
784 1105 854 1181 suas
868 1104 1020 1183 fecerunt
1033 1108 1203 1202 Principes
1219 1103 1375 1201 religiosi,
1401 1104 1659 1203 promulgando,
1686 1102 1936 1189 confirmando,
1966 1132 2013 1180 at·
2038 1110 2039 1113 ’

527 1208 644 1305 quein
665 1206 799 1277 illarum
815 1201 1068 1298 transgressores
1083 1229 1196 1301 peenas
1212 1228 1348 1301 quoque
1368 1204 1568 1297 temporales
1587 1198 1780 1285 sanciendn;
1808 1207 2010 1298 quaomnia

525 1302 653 1376 nonnisi
667 1297 851 1401 piissimum¹
863 1302 1046 1375 eorundem
1063 1326 1127 1399 pto
1142 1302 1227 1374 Fide
1241 1300 1414 1373 Catholica
1427 1298 1600 1371 fervorem
1613 1294 1772 1369 testantur
1783 1302 1827 1392 y).
1898 1310 2013 1399 Atque

525 1399 569 1475 sic
581 1407 727 1499 pariter,
754 1399 834 1473 dum
850 1398 1093 1497 Episcoporum
1110 1397 1348 1495 Abbatumque
1363 1398 1444 1469 olim
1455 1394 1683 1467 lnvesiituram
1702 1396 1869 1472 mediante
1885 1400 2009 1473 Baculo

470 1508 474 1516 '
526 1499 562 1572 dt
579 1498 714 1571 Annulo
726 1494 943 1572 conserebant
958 1498 1184 1594 Imperatores
1207 1496 1379 1589 &Reges,
1403 1494 1531 1589 nullum
1548 1490 1666 1565 exinde
1678 1496 1740 1589 Jus
1758 1497 1846 1567 cirta
1861 1500 1958 1569 Sacra
1971 1498 2008 1589 *)

526 1620 608 1669 vete
624 1595 737 1668 tale&
754 1593 997 1691 Majellaticum
1011 1588 1130 1667 inferri
1146 1590 1263 1691 potest.
1312 1596 1407 1664 Licet
1424 1594 1514 1665 enirn
1535 1588 1673 1683 insignia
1694 1586 1804 1675 sacra,
1826 1594 1952 1666 Pedum
1974 1596 2009 1666 dt

515 1694 700 1793 Ananias,
723 1694 882 1789 'rataquam
899 1689 1072 1764 Poteslatis
1087 1688 1107 1761 s
1125 1690 1269 1792 ititualis
1283 1688 1464 1787 Symbola,
1499 1714 1566 1780 non
1582 1689 1667 1759 adeo
1682 1689 1886 1784 quadrarent
1900 1692 1942 1762 ad
1955 1696 2009 1763 In·

527 1789 721 1863 vestituram
734 1794 879 1880 regiam,
904 1814 969 1887 qua
982 1718 1123 1861 nonnis
1127 1787 1325 1883 temporalia
1340 1784 1490 1859 Ecclesia
1508 1810 1634 1857 annexa
1650 1808 1687 1857 er
1695 1790 1942 1885 imperatorum
1956 1792 2006 1859 in·

519 1890 679 1960 tentione
696 1886 977 1961 conserebanmr:
1011 1888 1133 1959 merito
1151 1909 1261 1979 tamen
1273 1886 1343 1957 haec
1363 1881 1512 1981 permisit
1531 1878 1691 1963 Ecclesia,
1716 1908 1793 1955 cum
1814 1882 1937 1957 reRam
1951 1910 2005 1959 ea·

382 1979 388 1988 ’
527 2007 624 2057 renus
645 1988 892 2080 Imperatorum
910 1984 1134 2055 intentionem
1155 1978 1368 2074 cognovisset.
1420 1987 1546 2077 Neque
1574 1983 1664 2051 enim
1682 1982 1718 2053 hi
1740 2006 1888 2078 unquam
1910 1984 2004 2055 Sacri

527 2080 668 2152 Ordinis
685 2080 868 2177 quidquam
892 2104 968 2151 cum
983 2080 1050 2151 illis
1073 2080 1228 2153 conferre
1250 2077 1548 2177 presumpserunm
1574 2076 1647 2159 sed,
1661 2102 1749 2175 aquas
1769 2080 1886 2174 Regali
1908 2083 2005 2176 plane

410 2227 414 2231 -
525 2176 756 2249 munificentia
769 2178 809 2247 ad
824 2178 1008 2269 Religionis
1020 2174 1231 2273 splendorem
1248 2172 1431 2247 fundarunt
1445 2174 1614 2255 Ecclesas,
1631 2177 1669 2245 ad
1688 2178 1833 2255 easdem.
1850 2202 2004 2274 tanquam

527 2278 662 2345 Patroni
688 2272 899 2369 piemiffimi,
927 2278 1029 2345 Viros
1058 2271 1248 2371 Episcopali
1270 2296 1409 2345 munere
1430 2274 1530 2365 longe
1556 2270 1779 2363 dignislimos,
1805 2275 1838 2347 dt
1862 2300 2003 2371 quorum
2038 2356 2039 2361 ἵ

527 2369 683 2465 insupeti
705 2397 770 2469 qua
788 2374 894 2481 Regni
913 2370 1007 2444 simul
1030 2376 1212 2443 Procerum
1241 2394 1277 2441 ac
1297 2369 1507 2442 vasallorum
1530 2370 1737 2466 perspessam
1757 2372 1861 2445 fidem
1883 2373 2003 2445 babue-

526 2491 626 2549 runt,
657 2466 698 2538 ab
726 2470 869 2541 Ecclesia
896 2471 1055 2542 canonice
1074 2468 1321 2565 promovendos
1342 2471 1581 2552 nominarunt,
1615 2468 1648 2539 ἃ
1669 2473 1704 2540 in
1730 2468 1855 2543 effesiu
1878 2495 2002 2543 tantum

525 2564 788 2663 presentarunt,
813 2568 917 2640 donec
939 2568 1045 2638 Hau
1056 2585 1079 2635 tt
1090 2586 1152 2638 tcr
1170 2570 1233 2641 tv.
1260 2561 1462 2661 potissimum
1476 2566 1685 2661 temporibus
1700 2590 1826 2641 mutata
1842 2570 1876 2641 in
1890 2570 2001 2641 Domi·

515 2665 643 2734 ‘natum
659 2656 859 2746 Advocatio,
881 2688 982 2761 atquc
995 2666 1029 2734 in
1048 2686 1269 2735 mercaturam
1290 2661 1430 2735 abeunte
1455 2669 1560 2735 reteri
1580 2662 1656 2759 jure
1679 2668 1891 2749 Patronatus,
1913 2660 2001 2765 pesli-

481 2762 489 2774 ’
526 2759 710 2833 miabusus
741 2787 819 2834 cum
839 2758 1014 2859 dispendio
1039 2758 1232 2856 Disciplina
1256 2758 1481 2834 Etclcfiaslicae
1506 2762 1712 2858 irreperent:
1747 2775 1869 2838 merito
1894 2764 2000 2836 Eccle-

528 2853 592 2945 sia,
616 2883 701 2956 quos
716 2883 811 2933 antea
836 2857 1053 2958 petntiserat,
1074 2881 1206 2941 mores,
1233 2855 1396 2947 abolevit3
1421 2858 1599 2934 vindicavit
1622 2862 1786 2960 Capitulis
1805 2863 1947 3032 eligeqdi
1965 2864 2000 2933 li·

1920 2983 1998 3034 etta·

638 3122 754 3190 Nomia
768 3123 963 3191 Constantini
978 3125 1012 3191 dt
1025 3127 1105 3210 seqq.
1122 3125 1310 3212 imposque
1330 3130 1368 3194 ad
1382 3129 1567 3194 Gratianum
1584 3125 1669 3192 cons.
1691 3127 1723 3190 Μ
1733 3149 1755 3193 a
1766 3149 1782 3192 s
1792 3149 1886 3197 cov.
1905 3125 1997 3204 urio.

629 3205 852 3285 *btt‘stuttlslru
870 3231 900 3294 p.
914 3229 986 3291 219.
1003 3231 1033 3273 n.
1049 3230 1079 3292 5.
1096 3211 1159 3273 lata
1181 3211 1558 3280 Scrtuitzraursntt
1584 3215 1617 3272 t'n
1638 3207 1716 3292 ΠΨ.
1739 3213 1776 3274 dr
1813 3215 1892 3276 rimo
1917 3211 1999 3274 Chri·
2038 3259 2039 3280 ,

632 3289 736 3374 fliono
752 3290 938 3373 Imperatore
954 3294 980 3366 s.
996 3304 1048 3372 145
1063 3292 1123 3375 seq.
1148 3292 1496 3358 Scatonarntuus
1521 3293 1558 3356 dt
1583 3292 1766 3376 sbnlificotu
1821 3313 1876 3358 ax.
1904 3293 1995 3374 impp.

638 3370 734 3434 Hunc
757 3392 837 3435 vero
851 3374 979 3436 titolum
998 3375 1208 3456 Imperatores
1222 3375 1434 3440 christianosa
1454 3375 1679 3440 Valentiniano
1695 3393 1825 3448 omnes,
1855 3395 1897 3440 ne
1907 3393 1995 3438 exce-

637 3461 697 3534 pto
712 3455 837 3532 quidem
855 3455 981 3526 Juliano
1000 3457 1151 3523 Anostata
1166 3457 1330 3522 declinasse
1354 3459 1483 3521 testatur
1501 3477 1545 3520 ert
1566 3455 1731 3518 Harduino
1749 3455 1827 3528 Jon
1839 3477 1921 3522 tattr
1948 3455 1997 3518 sn·

635 3534 808 3602 trodub't'ou
825 3533 884 3601 tta
903 3534 1111 3620 Connoiffonce
1123 3540 1173 3601 d'as
1188 3539 1355 3605 Medailles.
1380 3561 1410 3624 p.
1434 3559 1504 3622 ¹59·
1546 3538 1653 3617 Atque
1666 3559 1708 3601 ax
1722 3537 1783 3601 hia·
1795 3539 1934 3604 addustis
1947 3536 1996 3598 ha·

635 3613 748 3680 &enus
761 3619 973 3682 fundamentis
989 3621 1104 3701 reliqua
1121 3623 1227 3684 omnia
1243 3622 1504 3685 Acatholicorum
1530 3637 1587 3698 pro
1604 3621 1796 3684 vindicando
1811 3621 1996 3702 Principibus

518 3711 537 3742 ·'
634 3695 845 3766 Saecularibus
863 3701 1283 3777 JoteSaeroturnobtnota,
1317 3721 1452 3786 quorum
1478 3701 1587 3766 seriem
1608 3702 1709 3783 longo
1733 3704 1845 3766 ordina
1868 3700 1997 3766 recenset

634 3779 908 3846 Boemoraeus
928 3807 951 3846 r,
966 3786 986 3848 t.
1037 3803 1115 3866 .34.
1135 3785 1208 3846 elidi
1233 3784 1318 3849 sacili
1340 3795 1503 3868 poterunt.
1525 3782 1612 3849 cons.
1632 3787 1727 3850 etiam
1744 3805 1773 3852 c.
1794 3786 1825 3852 N
1834 3797 1996 3851 aratura

634 3862 918 3928 Artaxiam
936 3867 970 3929 in
990 3787 1068 3950 ldyt.
1085 3865 1246 3954 Ecaufiast.
1263 3868 1344 3932 locis
1357 3867 1524 3952 parallelis.
1726 3871 1730 3877 '

562 3977 605 4064 y)
623 3978 718 4046 Coos.
731 3982 786 4047 cit.
805 3979 885 4066 Diffi
897 3981 934 4046 de
944 3977 987 4064 εἴ.
1009 3983 1115 4046 comit.
1134 3981 1211 4068 Imp.
1229 3987 1308 4048 circa
1323 3983 1433 4050 Socra.
1452 3983 1493 4066 §A
1506 4001 1558 4078 34.

564 4098 601 4177 ⁸)
623 4095 807 4160 Differentia
825 4100 907 4160 inter
922 4097 974 4180 jus
986 4097 1154 4163 Sacrorum
1168 4101 1234 4163 five
1249 4105 1282 4163 iu
1295 4099 1408 4174 Sacra,
1439 4085 1537 4180 etjus
1552 4099 1631 4160 circo
1644 4093 1725 4190 secta
1741 4093 1785 4158 est
1799 4095 1884 4160 talis.
1930 4093 1997 4160 Hoc
2038 4123 2039 4136 κ

497 4207 501 4216 ·
637 4188 789 4242 exercent
803 4177 959 4262 Principes
977 4181 1148 4245 saculares
1159 4182 1334 4258 Catholici,
1358 4191 1394 4246 ut
1406 4181 1554 4246 consistit.
1579 4183 1627 4260 t.)
1642 4179 1755 4260 injure
1769 4175 1995 4262 protegendi&

625 4269 684 4332 a.)
700 4261 737 4323 ab
750 4260 887 4325 Ecclesia
904 4263 1077 4335 salutariter
1089 4265 1232 4328 ordinata
1251 4265 1448 4347 exequendi:
1473 4263 1551 4326 iltod
1568 4263 1713 4323 continet
1736 4267 1781 4337 1.)
1797 4261 1849 4342 jue
1863 4263 1894 4324 in
1907 4259 1993 4342 ipsam

635 4339 837 4422 Religionem
854 4345 961 4426 (cujus
976 4346 1045 4410 sunt
1057 4347 1221 4429 incapaces
1238 4345 1351 4420 Laici.)
1389 4347 1436 4425 a.)
1454 4347 1507 4431 jus
1523 4341 1702 4424 Disciplinae
1728 4345 1780 4424 3.)
1798 4341 1992 4424 eaquaesunt

636 4421 870 4512 jurisdictionis
883 4425 1117 4491 Ecclesiasticus.
1161 4427 1235 4490 Duo
1248 4428 1419 4510 posteriora
1437 4427 1506 4490 haec
1526 4425 1627 4506 capita
1640 4424 1696 4488 vel
1712 4424 1930 4490 immemotiali
1941 4419 1989 4482 uso

635 4503 671 4565 dt
684 4505 885 4572 observantia
900 4511 1012 4574 velex
1027 4509 1152 4590 speciali
1167 4510 1397 4583 concellione‚.
1421 4508 1631 4572 Concotdatis
1649 4503 1843 4590 Principibus
1856 4521 1990 4574 commu·

634 4585 790 4656 oicantut.
825 4589 1047 4661 scusi-arr
1069 4592 1106 4659 dr
1115 4589 1144 4690 j.
1164 4589 1262 4675 Regio
1279 4591 1402 4662 Ducam
1415 4591 1496 4663 Bav.
1509 4591 1543 4660 in
1559 4585 1668 4670 Etclaf·
1688 4607 1719 4672 t·
1732 4609 1762 4671 s·
1779 4690 1786 4706 1
