4509 5550
643 593 715 676 on
763 575 1176 676 menstruoso:
1224 593 1455 690 crisconi.
1598 569 1616 586 “
1761 625 1782 698 3

418 775 511 842 nisus
528 773 609 858 saepe
621 775 829 843 intervenerit
840 775 998 853 studium,
1014 786 1108 860 atque
1129 774 1310 854 densensos,
1335 776 1385 847 dr.
1396 783 1526 862 propter
1532 775 1588 860 jas
1601 776 1781 842 nominandi

420 859 459 922 ad
482 859 709 940 Episcopatus,
732 863 817 942 quod
842 861 968 944 plurimi
989 861 1091 942 Reges
1107 858 1241 935 habent,
1263 861 1422 942 hodieque
1446 861 1639 922 intervenire
1658 861 1780 921 debeat.

420 939 502 1008 Vide
517 942 663 1026 exempla
677 945 757 1026 apud
778 941 950 1026 Thomaffln.
974 942 1014 1003 de
1031 952 1097 1005 vet.
1117 940 1247 1007 deuon.
1268 942 1389 1041 discipl.
1404 941 1512 1005 eccles.
1540 943 1665 1040 Torma.
1683 941 1780 1038 lina.

420 1021 618 1167 {stiffi
629 1023 1721 1187 ,{ltiliinstitistis?n}¹2:33²..tit‘izi‘ttttn
1734 1041 1785 1165 t:

421 1198 557 1258 verunt,
582 1197 677 1268 atque
694 1187 777 1270 ipsos
794 1195 875 1250 adeo
894 1187 1056 1253 Romanos
1082 1127 1252 1250 Pontisices
1268 1189 1300 1250 io
1318 1187 1369 1250 sua
1383 1189 1507 1250 demuto
1525 1196 1602 1248 vota
1619 1199 1783 1269 pertraxe-

423 1277 516 1330 runt:
544 1265 694 1332 illustrem
710 1269 812 1333 casum
826 1271 915 1332 dedit
931 1270 1002 1332 Ono
1016 1267 1213 1352 Frillugensrs
1227 1269 1297 1333 Lib.
1314 1287 1344 1334 2.
1361 1270 1397 1332 de
1410 1269 1493 1351 Gepi.
1511 1269 1662 1332 Friderisi
1675 1267 1699 1332 l.
1716 1285 1782 1346 cap.

424 1349 455 1413 n.
471 1359 501 1422 8.
527 1368 575 1414 10.
597 1393 606 1424 ,
629 1353 697 1422 ubi,
721 1351 918 1414 discordante
946 1349 1103 1414 elesiione
1133 1351 1405 1434 ilsagdedurgenst,
1427 1351 1603 1432 imperator
1635 1349 1785 1432 suggessit
1920 1407 1927 1414 .

425 1431 663 1494 translationem
690 1431 891 1505 Gnismanni,
910 1431 1046 1494 Cicenlis
1066 1435 1098 1494 in
1115 1431 1258 1496 Saxonia
1282 1431 1446 1516 Episcopi,
1467 1453 1574 1514 quom,
1591 1433 1665 1494 licet
1682 1453 1697 1492 a
1713 1431 1785 1514 plu·

426 1513 513 1574 rimis
529 1511 707 1576 Germaniae
728 1513 930 1586 Praesullbus,
952 1516 1047 1576 etiam
1063 1513 1201 1578 anostra
1221 1515 1356 1587 Hiliino,
1377 1515 1478 1577 aulica
1502 1516 1677 1576 curialitate
1693 1534 1784 1576 com·

427 1595 609 1676 probatam:
633 1595 685 1658 En
709 1598 796 1658 enias
815 1595 894 1679 Papa
916 1594 972 1661 lll.
995 1597 1058 1658 acri
1073 1597 1205 1676 epistola
1230 1597 1431 1678 reprobavit3
1457 1596 1637 1679 Anastasius
1657 1595 1714 1661 ill.
1730 1614 1787 1656 nu·
1828 1592 1835 1609 '

427 1687 513 1744 tem,
538 1677 652 1738 cedens
670 1614 842 1748 sisterico,
863 1676 1050 1748 ratihabnit,
1070 1677 1103 1738 dt
1122 1679 1329 1748 Gaismanno,
1357 1698 1427 1739 curn
1446 1677 1555 1756 Regiis
1575 1679 1698 1738 nunciis
1722 1678 1790 1740 Ro·

428 1776 510 1820 marn
525 1759 706 1831 accedenti,
729 1759 857 1842 pallium
870 1759 973 1833 dedit;
992 1759 1152 1842 subjungit
1163 1762 1263 1822 Otto:
1287 1780 1348 1821 non
1355 1761 1420 1840 fine
1434 1758 1626 1842 morandum
1633 1759 1789 1840 scandalo,

384 1867 388 1886 ·
431 1841 500 1921 qai,
521 1859 556 1902 ne
583 1858 717 1922 anquam
736 1841 769 1901 id
789 1840 897 1924 fieret.
917 1841 1112 1905 immobiliter
1138 1843 1172 1904 id
1184 1843 1289 1928 fixam
1306 1840 1460 1904 Romanos
1484 1851 1600 1911 tenere,
1622 1845 1790 1923 inproprie

431 1925 444 1983 r'
463 1927 565 1996 loram
585 1941 636 1983 ore
649 1922 852 1984 audiuerant:
873 1921 1027 2001 sequelam
1046 1924 1286 2004 complareutiae
1302 1923 1398 2004 hujus
1419 1923 1559 2004 politicae
1578 1922 1788 1984 addititiam:

432 1941 489 2066 ἐκ
509 2001 577 2064 hinc
594 2023 655 2064 noo
664 1999 764 2084 solnm
780 2005 813 2064 in
829 1997 1044 2088 sacularibus,
1065 2002 1117 2083 sed
1134 2003 1173 2070 t'o’
1186 2009 1220 2068 in
1233 2005 1423 2091 esskstajlisis
1441 2007 1572 2090 negotiis
1598 2003 1792 2089 disponendis
1861 2030 1865 2040 ¹
1904 2065 1907 2068 ,

431 2083 603 2147 coeternas
620 2084 772 2168 Principis
787 2085 954 2167 plurimam
977 2087 1080 2150 crevit.

360 2234 401 2278 ⁸⁸
427 2233 623 2300 Sumiturex
639 2255 707 2333 rap.
724 2255 755 2334 p.
774 2235 963 2332 depessulat.
985 2241 1140 2322 prolator.
1160 2239 1193 2302 in
1215 2238 1290 2311 sin,
1316 2239 1371 2337 ulpi
1393 2239 1608 2334 translationis
1633 2238 1791 2329 formulas

435 2317 576 2471 isit
589 2315 1795 2545 ssslssttittttlgilzptistilti-“itt‚‘stilletis’tilii}
1956 2452 1962 2468 .

436 2479 626 2562 transeundi.
668 2479 796 2550 Confer.
817 2502 881 2564 sap.
903 2503 953 2564 40.
995 2483 1097 2547 eona.
1120 2504 1209 2566 prop.
1228 2484 1287 2567 fin.
1341 2483 1481 2547 Eandem
1505 2485 1675 2548 formulam
1698 2485 1797 2548 tradit
1885 2502 1890 2514 ·

438 2561 625 2644 liogannes,
648 2562 777 2630 Author
791 2583 920 2639 recens,
939 2565 981 2628 ad
1004 2565 1082 2646 tteg.
1107 2583 1138 2632 2.
1160 2567 1283 2630 weced.
1307 2576 1342 2638 p.
1364 2586 1395 2649 3.
1418 2587 1502 2632 num.
1525 2579 1577 2643 28.

181 2685 183 2807 l
369 2721 417 2791 V.
442 2715 660 2815 Oppositum,
685 2725 894 2794 translationis
915 2717 961 2792 ell
990 2721 1136 2813 tranfitns
1153 2727 1271 2819 proprio
1297 2723 1411 2815 judicio
1438 2729 1646 2814 presumptis,
1694 2744 1800 2815 quens

317 2821 425 2890 toties
439 2818 703 2892 condemnarunt
724 2824 774 2893 Sa.
798 2824 968 2903 Canones;
993 2826 1089 2889 *cnm
1106 2817 1261 2915 Episcopus
1279 2818 1335 2905 soe
1358 2824 1500 2913 alligeros
1522 2820 1652 2909 Ecclefie
1672 2821 1799 2892 Merum

319 2941 384 2987 non
406 2917 515 2987 habret
534 2918 594 3002 fine
616 2923 754 2993 canonica
774 2920 953 3015 permiffione
973 2921 1125 2988 molstum.
1152 2920 1244 3014 Cap.
1263 2941 1295 3011 5.
1313 2917 1355 2988 de
1386 2912 1541 3017 postulat.

367 3081 568 3181 'Concilium
581 3082 789 3171 Calcedonense
798 3104 865 3151 can.
875 3104 905 3169 5.
930 3086 978 3151 lie
992 3076 1345 3227 his,quitronsmiprant
1354 3083 1391 3146 de
1401 3087 1561 3150 civitateiri
1573 3087 1736 3181 civitatem,
1749 3086 1798 3149 E·

438 3162 586 3250 pistopss,
600 3180 656 3230 aar
673 3168 805 3240 clericis,
821 3170 997 3252 placuit,ot
1013 3184 1153 3239 canones,
1172 3184 1224 3248 qm
1264 3185 1279 3227 e
1296 3164 1351 3228 itae
1368 3186 1401 3229 re
1418 3166 1563 3250 asoariiis
1578 3168 1722 3231 Patribus
1737 3168 1802 3252 lia·

443 3251 506 3314 rust
520 3248 611 3331 sant,
634 3246 773 3348 habeant.
778 3255 941 3394 propriam
962 3251 1155 3345 firmitatem.
1200 3248 1325 3309 Arianis
1346 3246 1411 3310 hoc
1436 3251 1529 3313 valde
1546 3260 1613 3313 erat
1636 3248 1801 3324 familiare,

443 3332 776 3479 institisti
790 3330 973 3477 stilti
992 3339 1376 3475 antistitii?
1390 3330 1533 3493 ltili
1552 3331 1802 3476 introiit

445 3506 555 3557 contra
575 3494 607 3559 S.
628 3494 835 3579 Athanasium
857 3494 1070 3569 addistilstmi,
1089 3493 1144 3575 qui
1160 3492 1295 3574 primum
1316 3493 1468 3575 aBerpto
1491 3495 1519 3557 se
1536 3494 1692 3558 transtulit
1708 3494 1827 3558 Nico,

444 3578 592 3649 mediam,
614 3578 651 3639 ab
669 3576 728 3639 hac
766 3576 1070 3663 Constantinopolim
1101 3576 1232 3657 primam
1263 3575 1503 3639 translationem
1521 3577 1585 3655 jam
1607 3586 1680 3640 ante
1700 3575 1804 3640 Nisa·

425 3679 519 3723 'nam
542 3656 567 3720 1.
590 3657 794 3723 damnaverat
813 3660 994 3722 Alexander
1014 3655 1188 3741 Episcopus
1217 3655 1450 3721 Alexandrinus
1469 3659 1499 3720 in
1525 3658 1592 3722 Eoc
1607 3659 1695 3721 ⁷clica
1716 3658 1802 3739 apud

444 3738 652 3823 Athanofinm
675 3738 771 3805 Tom.
795 3760 823 3802 1.
847 3758 926 3804 nov.
955 3738 1030 3805 edit.
1062 3758 1135 3823 pag.
1157 3756 1239 3819 3793
1260 3750 1426 3821 utramque
1452 3740 1577 3803 Alexan
1600 3744 1672 3804 rina
1695 3738 1803 3820 Syno-
1841 3816 1845 3820 η

445 3824 505 3884 dus
524 3840 573 3883 an.
593 3841 663 3905 340.
686 3821 764 3887 ibid.
784 3840 858 3905 pag.
880 3841 950 3905 129.
985 3821 1057 3885 Huc
1070 3821 1207 3903 pertinet
1219 3820 1251 3881 in
1271 3821 1399 3883 vettive
1415 3818 1507 3965 gum
1525 3822 1549 3884 1.
1569 3822 1660 3905 Papae
1680 3822 1718 3883 ed
1735 3819 1803 3883 En·
1904 3810 1911 3825 ⁸

445 3904 588 3967 fabianos
608 3902 693 3987 epist.
716 3924 744 3968 1.
768 3922 818 3967 en.
855 3922 905 3983 42.
925 3906 1006 3985 apud
1033 3902 1185 3984 Conslant.
1203 3899 1284 3983 Epp.
1308 3902 1372 3966 RR.
1394 3903 1416 3964 P
1441 3950 1451 3967 .
1470 3923 1532 3986 pag
1546 3906 1617 3986 363.
1663 3902 1734 3966 Non
1746 3902 1804 3984 so·

446 3988 508 4051 lum
523 3989 602 4049 enim
618 3986 739 4050 Ariani
749 3924 891 4071 admiisi,
902 3982 960 4069 sed
973 3982 1013 4050 ἔθ’
1027 4004 1047 4047 a
1062 3987 1122 4047 ioco
1137 3985 1171 4044 in
1186 3983 1279 4045 nsum
1298 3981 1443 4067 Episcopi
1464 4006 1549 4049 sisso
1570 4004 1803 4049 rnnnssnnnn

449 4069 590 4131 meditati
604 4064 691 4153 sant.
750 4066 789 4130 Si
809 4071 910 4151 igitur
934 4086 1002 4130 nere
1026 4084 1151 4149 parem,
1175 4066 1357 4149 eandemque
1376 4067 1560 4153 existimatis
1583 4064 1804 4148 Episcopomm

449 4148 610 4219 honorem,
636 4168 729 4233 neque
749 4170 789 4213 ex
820 4150 1034 4232 magnitudine
1055 4151 1231 4219 ciuitatum,
1250 4150 1299 4209 nti
1307 4149 1467 4232 scribitis,
1491 4146 1711 4232 Episcopomm
1730 4149 1764 4210 di
1788 4178 1807 4195 ·

447 4234 576 4295 nitatem
596 4232 761 4307 metimini,
780 4234 918 4314 oportuit
945 4251 1028 4304 enm,
1049 4232 1098 4291 cni
1121 4245 1222 4322 parpa
1237 4231 1346 4291 civitas
1367 4229 1535 4293 concredita
1550 4228 1680 4375 preerat,
1702 4233 1736 4292 in
1751 4166 1806 4293 iio

449 4332 589 4382 manere.
612 4322 841 4397 neasontempto
857 4314 928 4387 illa,
950 4312 1089 4397 quasitot
1107 4308 1316 4381 sredrtaerot,
1337 4312 1505 4383 adoliam,
1523 4312 1551 4396 fi
1570 4315 1654 4375 isson
1670 4310 1808 4392 sommis·

449 4394 533 4476 lam,
553 4392 702 4472 transire,
723 4397 786 4469 ita,
808 4402 843 4456 nt
862 4412 944 4468 eam,
961 4392 1139 4477 qnoefilria
1161 4411 1242 4455 uuo
1272 4392 1391 4455 tradita
1404 4394 1461 4473 est,
1484 4392 1659 4476 despiceret,
1685 4395 1808 4457 inanem

451 4474 524 4539 itero
541 4476 696 4539 loominnm
718 4478 851 4554 gloriam
874 4486 1042 4559 exoptaret.
1084 4472 1204 4535 Conser
1220 4473 1306 4553 epist
1326 4494 1355 4555 5.
1379 4474 1504 4556 Damofi
1525 4478 1562 4537 ad
1577 4475 1756 4542 Paulinum.
1773 4474 1808 4538 dt

454 4560 545 4621 aliani
575 4558 612 4619 ad
629 4556 816 4628 Acholium,
839 4558 912 4621 idid.
936 4576 1000 4665 pag
1024 4568 1117 4641 378„
1136 4554 1175 4616 l&
1196 4570 1266 4637 538.
1282 4599 1291 4629 ,
1310 4575 1447 4618 necnon
1466 4576 1530 4639 pag
1546 4557 1617 4638 697.
1643 4557 1809 4639 epistolam

458 4640 564 4704 Siricii
580 4640 617 4706 ad
627 4640 739 4705 Gallos
756 4638 943 4725 Episcopos.
958 4640 1099 4725 selegens
1116 4636 1155 4699 ll.
1173 4634 1270 4721 Papa,
1294 4639 1410 4703 relatus
1428 4638 1612 4705 aGratiaoo
1630 4640 1664 4704 io
1676 4656 1741 4703 can.
1755 4657 1809 4720 35.

1128 4717 1161 4782 A
1180 4735 1200 4783 a
1738 4739 1815 4786 var.
2050 4735 2077 4967 ι
