4509 5550
501 606 547 684 45
552 595 573 672 8
625 579 739 658 mss.
756 569 1023 652 GERMANO
1041 615 1049 634 ι
1065 569 1363 660 HISTORlCQ'·
1376 565 1895 655 CANONICO'·PUBLlCA

544 761 581 842 b)
605 759 718 824 Matth.
739 777 790 825 10.
817 755 900 825 vars.
924 755 974 822 16.

543 882 578 964 c)
599 879 632 942 iu
652 881 680 959 §.
702 876 785 941 Item
803 865 1132 940 excommunicantur.
1159 889 1219 954 14.-

546 999 585 1080 d)
610 995 645 1060 dt
668 972 702 1078 3
727 995 787 1076 seq.
816 1012 864 1078 15.
885 993 917 1055 iu
949 991 1062 1072 quibua
1081 989 1206 1052 duobus
1227 985 1286 1072 33.
1307 987 1545 1064 contineretur,
1572 983 1595 1050 st
1615 984 1692 1072 quid
1712 985 1807 1070 effer,
1835 987 1932 1074 quod
1952 988 1995 1056 al·

618 1078 717 1158 legari
737 1075 856 1160 puiset,
885 1086 997 1137 neuter
1020 1087 1125 1136 tamen
1144 1073 1184 1135 de
1203 1069 1274 1135 casu
1292 1069 1441 1156 praesenti
1463 1071 1496 1138 h.
1518 1069 1545 1166 q.
1567 1067 1719 1159 disponit·

529 1173 583 1280 r)
605 1191 644 1262 L.
666 1195 723 1261 fin.
747 1193 781 1261 ff.
806 1195 847 1260 de
866 1188 1098 1276 jurbdistione.
1178 1291 1182 1298 .

1125 1374 1156 1464 t.
1207 1349 1420 1444 xx'xrr„

334 1499 493 1602 mitade.
619 1522 704 1618 Qrae
723 1512 826 1590 modo
838 1511 927 1588 disin
943 1511 1016 1588 sunt
1030 1514 1079 1606 (i.
1091 1513 1242 1612 preced.
1257 1517 1292 1586 in
1308 1511 1385 1609 fin.)
1403 1537 1467 1612 pro
1482 1513 1617 1594 meliori
1636 1512 1809 1593 intelleilu
1826 1514 1991 1592 declarati

318 1620 476 1683 ctarantur
503 1613 634 1714 possunt
650 1617 821 1711 exemplo,
847 1616 939 1713 quod
953 1617 1050 1710 ponit
1065 1615 1300 1684 reiectae
1313 1631 1364 1686 uu
1381 1614 1423 1686 de
1437 1620 1631 1690 Aunuxo
1649 1613 1686 1709 a)
1705 1619 1739 1689 in
1757 1619 1852 1709 Rege
1868 1615 1993 1688 Corbu·

315 1700 488 1788 E¹⁶¹¹¹P¹⁰·
500 1718 586 1798 lico,
611 1714 771 1793 Mudriti,
796 1713 830 1785 dr
845 1709 1011 1785 Cordubae
1026 1708 1191 1783 vendente
1214 1709 1346 1810 cuidam
1369 1712 1604 1808 privilegium,
1627 1737 1665 1788 ut
1679 1712 1739 1811 ipsi
1753 1712 1814 1787 suli
1828 1715 1930 1786 licent
1945 1711 1991 1784 lu·

501 1838 579 1889 carc
600 1814 633 1887 ἃ
658 1810 873 1884 commodare
922 1835 960 1879 ro
981 1831 1074 1882 certo
1096 1811 1208 1904 pretio
1228 1831 1422 1901 paramenta
1442 1811 1557 1903 nigre,
1579 1811 1793 1895 candelabre,
1822 1807 1990 1884 &similia

499 1936 567 2012 pto
587 1915 737 2008 exequiis
759 1835 1020 1980 Desunsiorum.
1077 1906 1169 2002 Quid
1185 1904 1381 1989 dicendum,
1406 1903 1429 1978 si
1446 1907 1524 1981 huic
1540 1905 1573 1982 se
1587 1906 1791 2008 opposuisset
1805 1909 1930 2006 aliquis
1941 1903 1988 1976 su·

499 2015 618 2108 perior
630 2003 888 2086 Ecclesiasticus,
915 2031 954 2076 ex
970 2007 1033 2077 huc
1050 2009 1179 2100 capite,
1206 2003 1297 2100 quod
1314 2007 1565 2080 convenientius
1586 2001 1716 2091 fuisset,
1742 2030 1782 2081 ut
1796 2031 1877 2080 cunr
1898 2001 1988 2078 cada·

500 2132 580 2189 vet,
606 2100 757 2180 &funus
778 2104 819 2174 ed
837 2099 1016 2174 Ecclesiam
1036 2103 1223 2200 pertineat,
1248 2101 1358 2174 eidem
1378 2103 1604 2198 quoquehoc
1627 2103 1758 2178 lucrum
1783 2103 1986 2200 relinquere·

503 2205 582 2277 turi
614 2204 761 2296 ‘Utique
782 2199 823 2270 ab
837 2224 879 2283 eo
894 2202 981 2271 ertio
997 2200 1151 2296 quaedam
1171 2190 1410 2272 convenientia
1429 2201 1569 2296 allegere
1593 2197 1728 2292 fuissem.
1756 2225 1795 2274 ex
1815 2227 1860 2276 eo
1879 2221 1985 2272 tamen

361 2316 364 2324 ¹
501 2323 604 2375 nemu
623 2299 793 2379 intulerit,
823 2296 1037 2393 privilegiato
1056 2319 1239 2393 propteree
1258 2293 1352 2368 usum
1393 2296 1636 2395 'rivilegiijuste
1651 2296 1794 2398 potuisse
1814 2297 1981 2395 impediri,

459 2427 467 2434 ·
502 2395 527 2472 li
542 2395 718 2469 Ecclesiam
732 2392 908 2467 habentem
924 2392 1039 2464 similia
1054 2416 1249 2488 paramenta
1268 2321 1489 2489 prohibuisset
1504 2397 1578 2468 ubis
1590 2422 1629 2470 eu
1645 2398 1795 2483 elecem
1810 2393 1982 2495 ‚siquidem

503 2518 731 2594 preterquam
747 2492 840 2588 quod
855 2489 1005 2563 Ecclestae
1026 2491 1061 2562 dt
1075 2492 1215 2564 clericis
1231 2493 1396 2584 negotiari
1412 2491 1449 2566 bt
1461 2493 1699 2578 interdillum,
1724 2519 1786 2593 per
1803 2495 1874 2570 hoc
1888 2490 1982 2591 priti-

502 2594 632 2686 legium
645 2591 731 2662 nihii
740 2585 807 2662 suit
820 2589 1020 2674 inhibitum,
1044 2589 1136 2686 quod
1151 2585 1229 2662 esset
1243 2591 1422 2685 proprium
1432 2589 1601 2676 Ecclesae,
1625 2591 1890 2677 urEcclesiuest,
1915 2587 1983 2660 sunt
2039 2621 2040 2626 ,

502 2695 596 2766 enim
617 2691 670 2762 bae
688 2713 744 2762 rer
764 2712 859 2761 mere
876 2687 1097 2786 temporales,
1120 2711 1159 2758 ut
1186 2709 1241 2759 ute
1261 2691 1376 2784 quael)
1401 2691 1543 2765 dicuntur
1572 2697 1667 2785 nugis
1687 2701 1839 2763 viverunt
1858 2695 1981 2782 falarie,

499 2786 592 2885 quant
606 2788 736 2881 stibfidie
751 2807 957 2900 murmuranti
981 2773 1132 2899 ¹udenque
1154 2712 1313 2897 dreiatus
1336 2784 1500 2899 ejusmodi
1518 2788 1699 2883 privilegiu
1719 2785 1787 2862 sese
1806 2805 1978 2887 opponent

500 2883 625 2961 frustra
639 2883 700 2957 sub
712 2905 952 2959 conventenne
966 2878 1235 2991 specte-quaessus
1248 2876 1359 2957 surlset
1374 2883 1448 2954 ledi
1465 2884 1654 2959 libertatem
1668 2882 1936 2969 Ecclesiasticnn.

356 3068 440 3145 Quid
455 3070 490 3133 iu
617 3058 657 3125 ln
671 3050 795 3125 castbue
809 3052 914 3143 igitur
927 3045 1109 3139 similibus,
1132 3045 1190 3121 ubi
1206 3048 1347 3123 Ecclesia
1367 3050 1398 3125 dt
1420 3050 1620 3151 Respublica
1640 3077 1810 3155 remquam
1833 3054 1910 3129 due
1929 3052 1976 3125 Ci-

245 3229 248 3238 ,
313 3148 467 3217 fimilibuu
499 3156 617 3226 vitares
630 3148 895 3229 considerantur,
918 3173 985 3219 non
998 3147 1095 3218 aliter
1109 3144 1157 3218 esi
1172 3150 1408 3244 pugnandum,
1429 3176 1529 3247 quum
1551 3177 1591 3225 ut
1606 3156 1671 3227 rite
1687 3154 1719 3226 dr
1737 3176 1856 3251 pacete
1869 3152 1974 3228 omnir

302 3233 483 3381 asma
500 3248 598 3422 qaut,
622 3273 664 3322 eo
681 3246 921 3319 connitendum
934 3243 998 3329 eil,
1022 3244 1233 3318 ut'adhibitu
1254 3245 1501 3345 compositiunir
1520 3249 1681 3334 subsidio,
1704 3249 1865 3348 quelibet
1889 3257 1974 3324 Pote-

531 3374 564 3419 as

313 3396 416 3463 dum?
580 3344 646 3421 sese
664 3348 750 3418 intre
770 3344 845 3418 suus
867 3344 990 3415 limites
1011 3343 1215 3441 prudenter,
1240 3344 1412 3419 moderate
1426 3372 1552 3421 actum
1575 3352 1748 3449 reciproca
1768 3352 1975 3421 veneratione

498 3450 683 3529 contineat,
709 3465 879 3543 precepto
895 3441 955 3512 illo
970 3440 1188 3533 Euangeliou:
1207 3443 1244 3532 ι)
1269 3450 1416 3537 Relinque
1430 3449 1468 3516 iii
1482 3472 1591 3519 munus
1610 3468 1696 3519 trum
1711 3454 1918 3533 anteritate,
1942 3446 1973 3518 θ

495 3551 581 3621 orde
594 3552 677 3641 prius
691 3547 875 3616 reconciliari
888 3540 992 3633 fratri
1006 3559 1078 3624 rer,
1103 3544 1139 3617 sd
1155 3562 1228 3613 runt
1240 3546 1370 3615 ueniens
1386 3544 1493 3637 efferes
1510 3570 1619 3621 narrt
1632 3568 1731 3621 rrum.

537 3692 578 3775 a)
599 3690 685 3777 Disp.
709 3706 758 3755 12.
781 3688 822 3752 de
843 3686 924 3753 stat.
944 3684 1018 3751 civ.

536 3812 573 3895 b)
595 3809 671 3875 cun.
692 3804 889 3873 Anima-C.
911 3802 1002 3873 ΧΙΠ.
1026 3802 1146 3883 Quaest.
1168 3820 1202 3873 α.

536 3930 570 4014 e)
590 3926 706 3997 Matth.
730 3946 761 4009 ς.
781 3921 864 3990 vers.
887 3940 941 4005 ²4·
1229 3938 1232 3945 ’

249 4157 251 4162 .
312 4105 485 4173 conclufio
611 4087 726 4180 Atque
744 4078 818 4152 bec
840 4102 905 4177 pro
927 4074 1071 4151 Insiituti
1091 4072 1194 4150 nollri
1213 4076 1343 4151 tatione
1360 4072 1404 4153 de
1418 4074 1613 4155 nobiliffima
1637 4078 1871 4177 &greviffima
1887 4080 1969 4158 Reli·

311 4188 481 4254 totiucbii-
495 4182 603 4276 gionia
621 4182 778 4262 materia,
803 4178 899 4269 cujus
914 4179 947 4249 in
963 4181 1064 4249 Sacro
1078 4178 1232 4248 Romano
1263 4178 1465 4249 Germanico
1479 4182 1629 4278 imperio
1647 4182 1758 4255 noslru
1777 4174 1966 4285 frequentis·

311 4272 459 4371 Ῑῗῐῐθῑῑῠ·
495 4278 574 4353 fima
587 4300 768 4353 occurrunt
782 4274 899 4359 dubie,
923 4300 997 4372 quae
1015 4300 1081 4345 non
1096 4272 1201 4345 solum
1212 4280 1245 4345 in
1261 4272 1424 4371 supremis
1437 4278 1575 4375 Imperii
1589 4277 1833 4371 tribunalibqr,
1859 4282 1910 4355 sed
1924 4298 1967 4350 et·

311 4369 374 4421 ¹¹¹³·
451 4405 455 4415 ‘
494 4380 608 4451 iamin
622 4378 778 4447 Comitiis
792 4376 924 4448 vixnon
941 4372 1092 4469 quotidie
1106 4392 1417 4455 controvertuntur,
1433 4364 1470 4445 ut
1486 4376 1598 4470 potui,
1619 4377 1653 4449 dr
1669 4376 1770 4451 debui
1787 4382 1965 4453 catholico·

493 4498 571 4548 runt
584 4498 697 4554 more,
720 4475 802 4570 quin
818 4496 857 4545 eu
871 4473 1005 4565 integro
1022 4465 1333 4565 compaciscentium
1352 4471 1504 4543 omnium
1520 4474 1650 4557 auimo,
1676 4478 1816 4551 candide
1830 4505 1867 4551 ec
1881 4496 1964 4553 vera·

361 4658 366 4661 ,
492 4576 578 4651 citer
601 4567 758 4644 disserere
774 4570 912 4670 placuit.
960 4573 1069 4645 [Neue
1086 4563 1191 4663 justos
1210 4562 1455 4659 Dissertctionia
1476 4568 1601 4647 limitet
1620 4571 1779 4651 excessisse
1796 4579 1959 4675 increper,

1912 4670 1961 4743 bic
