4509 5550
304 557 320 572 ’
387 625 461 708 nn
479 619 609 727 Juua
629 575 875 704 cutuctrr's
900 613 1184 722 cnuuoatcr
1208 614 1363 703 ctucn
1386 617 1565 706 aucun.
1663 626 1741 724 cp,

871 851 874 856 '
902 849 933 938 ς.
985 838 1091 919 vll.
1201 910 1205 919 .

340 977 455 1060 Miiiia
476 981 531 1058 bia
554 976 770 1082 opinionibus
784 979 923 1058 omnino
939 973 1090 1062 affirmo,
1111 969 1306 1051 facultatem
1318 972 1545 1068 Dirciiricenr
1567 995 1740 1074 externam

232 1089 270 1163 in
290 1081 533 1159 Ecclesiasticis
555 1085 644 1156 inter
656 1085 854 1177 proprietates
870 1079 960 1168 prius
974 1081 1143 1153 sacerdotii
1160 1072 1242 1164 essc3
1268 1100 1347 1150 narn
1367 1073 1447 1152 ficut
1461 1077 1645 1180 Disciplina
1662 1073 1743 1157 Mu·

232 1185 326 1261 talis
346 1207 416 1282 pro
431 1171 563 1255 notoria
579 1179 696 1275 regula
710 1200 818 1262 tenet,
846 1183 954 1251 crine
970 1178 1083 1250 omnia
1097 1176 1251 1268 Negotia
1264 1171 1411 1250 humanu
1426 1175 1543 1254 instrui
1559 1179 1747 1278 applicabi·
1891 1179 1895 1186 ’

230 1285 341 1368 liter,
373 1283 407 1354 dt
423 1282 660 1361 determinari,
683 1279 729 1354 ita
745 1277 779 1348 dt
794 1281 878 1348 Funis
891 1276 1024 1372 premiis
1043 1275 1197 1349 Ecclesuae
1216 1278 1345 1346 Positico
1367 1275 1476 1351 multo
1498 1282 1741 1376 praegnentior,

232 1381 521 1477 eminentiorque
535 1379 686 1476 requiret
701 1371 886 1448 subiesiunr
900 1377 1072 1474 imperans
1089 1375 1124 1444 in
1139 1373 1195 1464 (ree
1210 1367 1246 1446 dc
1259 1395 1319 1444 ren
1339 1379 1526 1451 obedierat
1550 1377 1633 1472 quid
1648 1379 1742 1452 eninr

230 1477 416 1580 ipssssimae
431 1478 556 1550 rationi
572 1473 715 1548 naturali
729 1475 836 1566 magis
852 1493 1040 1568 congruere
1052 1468 1168 1572 possut,
1187 1495 1257 1542 non
1271 1466 1521 1572 circumspicio.
1557 1480 1630 1548 Iam
1645 1501 1743 1578 reque

225 1581 272 1656 in
294 1599 425 1676 aperto
443 1571 602 1658 conbibit,
626 1569 719 1672 quod
737 1575 946 1646 Sacerdotium
960 1574 1048 1646 inter
1062 1574 1178 1644 omnia
1190 1566 1356 1665 Mysieria
1370 1575 1496 1645 Nouae
1510 1574 1612 1665 Legio
1625 1571 1742 1672 supre-

233 1703 339 1754 mum
364 1677 479 1750 iocum
492 1671 665 1746 'obtinente
699 1672 806 1764 igitur
827 1669 906 1742 huic
918 1673 1071 1768 priuatiee
1092 1666 1310 1742 adscribendo
1331 1671 1427 1742 uenit
1442 1677 1587 1765 supreme
1600 1674 1743 1766 Potestas

235 1782 413 1859 Cluuium,
444 1771 658 1871 preprimia,
689 1793 769 1842 cum
796 1765 910 1842 rursus
933 1793 972 1842 ex
993 1773 1130 1844 Natura
1149 1769 1200 1839 rei
1223 1765 1456 1863 pulcherrime
1476 1771 1672 1855 conueniat,
1701 1793 1742 1848 rt
1816 1793 1821 1803 ’

235 1873 301 1950 iste
318 1879 499 1946 Summum
522 1871 573 1941 rei
596 1867 789 1965 Spirituaiis
812 1865 949 1952 cresbere
980 1867 1043 1964 qui
1065 1867 1261 1940 exercitium
1282 1862 1456 1961 potissime
1478 1867 1551 1940 eit·
1572 1870 1678 1965 partia
1698 1893 1740 1946 ex

236 1975 449 2151 {nimium
471 1972 609 2059 mure,
635 1961 753 2054 defle,
777 1965 932 2068 Juridice
952 1964 1143 2066 loquendo,
1167 1985 1208 2040 ex
1225 1966 1309 2067 jere
1325 1960 1742 2085 prefitefibicommissum
1856 1975 1861 1990 '

265 2096 286 2147 a
312 2093 362 2152 eto
555 2105 559 2114 '

904 2196 912 2206 ι

898 2240 933 2333 c.
981 2217 1146 2312 unc·
1483 2157 1490 2176 ’
1675 2223 1697 2272 e

369 2383 503 2464 Audire
520 2383 609 2488 'mibi
630 2375 768 2482 quidem
788 2379 932 2466 uideor,
957 2383 1109 2481 exempla
1128 2385 1327 2478 Pragmatiee
1349 2381 1379 2459 C
1386 2397 1557 2461 urerer!
1580 2405 1742 2488 tanquam

240 2491 440 2563 fundatoris
456 2491 546 2580 Legis
560 2491 675 2565 Noae,
700 2484 840 2578 eiusque
855 2477 1096 2580 Apostolorum
1118 2477 1199 2551 huic
1211 2479 1316 2559 Thesr
1335 2507 1544 2580 repugnare,
1575 2512 1741 2584 quatenus

241 2583 456 2662 Dosirinam
479 2580 570 2654 suam
594 2582 668 2652 noir
683 2579 842 2652 exercitio
864 2601 989 2652 externe
1005 2581 1147 2676 Imperii,
1171 2574 1228 2650 sed
1244 2585 1451 2675 predicatione
1471 2586 1581 2668 Verbi,
1606 2589 1642 2660 id
1656 2609 1743 2658 mere

244 2687 418 2760 dirediitre
445 2685 553 2754 moreti
571 2677 740 2752 Fidelium
761 2671 959 2762 formarint,
1001 2676 1036 2750 dr
1064 2679 1348 2752 SaavnToRra
1375 2679 1516 2778 quidem
1542 2684 1747 2760 nominatim}
1839 2745 1842 2750 .

243 2786 385 2858 Diuino
401 2778 555 2855 Oraculo
568 2771 787 2860 edisserente,
806 2784 942 2873 Regnum
948 2775 1040 2871 [trem
1058 2801 1118 2849 arn
1131 2776 1188 2869 effe
1206 2780 1244 2849 de
1260 2773 1320 2849 ‘bor
1343 2783 1472 2863 nunde,
1493 2804 1555 2853 nec
1571 2778 1746 2882 discipuiic

228 2880 335 2965 duis,
361 2876 421 2953 sed
436 2880 526 2951 Orbis
542 2877 745 2969 Putejieeibes
763 2879 930 2967 Gladium,
956 2897 1013 2947 aut
1028 2878 1217 2973 Imperium
1230 2878 1412 2975 proprium
1425 2874 1513 2965 essc5
1540 2879 1576 2952 dt
1589 2904 1663 2977 quae
1678 2880 1747 2959 alie

245 2984 282 3055 in
297 2974 487 3052 substantio
509 2972 626 3048 similia
648 2973 750 3048 obiici
771 2968 916 3071 possunt.
961 2978 1094 3047 Verum
1107 2974 1178 3047 haec
1193 2975 1307 3046 omnia
1321 2972 1490 3049 affectioni
1506 3000 1590 3051 mcae
1602 2979 1746 3058 minime

246 3075 424 3161 officiunt3
440 3094 676 3171 preterquam
691 3075 800 3156 enim,
824 3073 917 3169 quod
929 3072 1268 3169 hujusmodi-Terrus
1281 3071 1324 3145 ad
1339 3098 1420 3147 mere
1437 3080 1616 3163 seruietie,
1638 3100 1748 3177 eaque

248 3176 406 3275 despetire
418 3172 511 3246 iilius
526 3175 589 3243 eui
604 3175 655 3243 Inr
683 3172 770 3253 cria,
797 3172 1028 3269 ciuitatesque
1050 3176 1215 3263 Tyrannio·
1226 3173 1397 3269 proximas
1413 3173 1594 3248 coliineare
1606 3176 1751 3251 uideru-

249 3296 326 3361 tur,
352 3276 403 3346 ita
418 3270 564 3345 trebatiue
585 3268 634 3342 ad,
652 3195 782 3343 starum
795 3274 974 3367 peculiarem
989 3272 1238 3343 Sauvnroers
1262 3290 1422 3355 orrrmr,
1446 3272 1606 3371 illiusque
1626 3282 1747 3373 Epocbe

249 3367 444 3470 peristaiin,
467 3392 542 3469 quae
563 3364 736 3441 potestatis
755 3389 883 3441 externe
902 3366 1123 3442 Sacerducalia
1142 3364 1325 3443 secundum
1348 3374 1495 3459 Ordinem
1512 3375 1748 3461 Melchisedech
1778 3368 1787 3388 '

249 3472 436 3571 impatiens
450 3491 540 3553 erat,
565 3464 683 3541 iustam
697 3458 1008 3563 interpretationem
1025 3464 1217 3549 admittunt.
1266 3464 1419 3542 Eccicsrae
1439 3468 1693 3573 certepascenti
1709 3477 1746 3548 in

252 3568 451 3667 Apostolie,
476 3574 663 3663 eorumque
683 3565 885 3639 immediatis
906 3561 1151 3639 Successoribua
1164 3590 1233 3637 non
1255 3560 1395 3637 defuisse
1411 3570 1544 3641 ratione
1559 3575 1683 3656 Stetere,
1710 3572 1768 3649 ae·
1863 3570 1886 3646 j

254 3674 412 3741 Muneris
427 3670 581 3739 clericatis
592 3658 788 3737 Potestutem
801 3668 992 3737 Dirediireern
1006 3684 1165 3739 exterrent
1177 3662 1366 3747 Fidelium,
1391 3662 1445 3737 sed
1459 3664 1597 3739 eoadem
1615 3690 1745 3745 tanturn
1795 3684 1801 3695 “
1876 3679 1881 3691 '

256 3764 297 3835 ab
313 3770 430 3839 aetate
451 3764 542 3835 iliius
559 3766 656 3836 Praxi
668 3784 731 3859 per
746 3758 1007 3851 Gentilismum,
1029 3760 1295 3859 grassantemque
1309 3786 1350 3833 eo
1364 3784 1519 3861 tempore
1533 3766 1566 3857 in
1588 3766 1747 3842 Christic-

256 3888 317 3935 nos
334 3884 387 3938 tot
402 3860 672 3959 persecutionum
688 3858 816 3933 rabiem
836 3863 936 3934 tantis
963 3856 1080 3935 ersus
1098 3858 1212 3943 crusna,
1237 3858 1390 3957 adeoque
1407 3859 1593 3937 necessitate
1606 3888 1648 3937 eo
1669 3865 1749 3941 adae
1783 3933 1790 3941 .

257 3960 329 4039 sios
345 3958 461 4045 fuisse,
486 3982 522 4034 ut
561 3960 854 4055 uacunque-modu
868 3984 913 4059 pu
939 3886 1299 4055 ubiliFidciibunpros
1317 3960 1458 4043 boetem,
1483 3984 1681 4056 argumento
1694 3963 1746 4039 lu·
1940 3997 1943 4004 ·

258 4058 479 4135 culantiffime
499 4060 511 4132 i
549 4060 654 4141 cruit,
679 4056 771 4153 quod
790 4054 929 4131 subinde
949 4052 1117 4137 corberiis
1140 4055 1182 4127 ad
1202 3982 1424 4133 Chrisinnnm
1446 4057 1565 4134 Fidem
1595 4065 1748 4161 Impere-

261 4158 392 4232 toribus
412 4158 774 4255 Romania,·quurum
801 4158 936 4229 initium
965 4156 1101 4229 notorie
1128 4149 1210 4229 fecit
1237 4155 1546 4230 Cousramrnvs
1572 4179 1748 4247 manuve,

261 4256 406 4331 Eccicsro
422 4256 513 4329 illico
533 4250 710 4329 celebrarit
729 4272 914 4329 coeterna
937 4270 1179 4340 Genuam,
1201 4255 1361 4351 (quorum
1382 4261 1653 4348 queteordrime,
1677 4264 1750 4335 Nr·
1871 4286 1879 4317 r

264 4370 412 4431 cnutum
434 4358 945 4429 cousrnuntuncourruuvu
977 4370 1151 4437 carmem,
1181 4352 1488 4448 bertramnum&
1513 4350 1748 4431 Cuucnaoo-
1853 4354 1859 4361 ’

266 4466 407 4539 Nonae,
425 4448 591 4553 vrputeub
604 4448 682 4550 ipsra
694 4458 742 4526 A.
757 4454 931 4525 &eddidit
943 4452 1053 4544 agnita
1065 4451 1211 4548 exempli
1223 4450 1298 4524 luco
1310 4446 1451 4523 attulisse
1463 4448 1631 4544 sufficiun)
1648 4454 1746 4529 inibi·
1797 4522 1804 4535 ,

265 4572 332 4645 que
343 4580 411 4627 non
426 4576 554 4627 tantum
567 4556 664 4631 Varie
677 4560 831 4647 Dogmata
846 4553 933 4622 fidei
944 4544 1124 4635 definierit,
1138 4546 1195 4623 sed
1205 4544 1238 4621 dr
1248 4552 1458 4623 Hieratrbiem
1474 4548 1577 4635 Cleri,
1592 4577 1634 4624 ae
1644 4548 1745 4627 huiua
1831 4548 1836 4567 “
1859 4598 1871 4621 t

267 4646 1370 4745 Statumffiunriionet,&Munereordinarit,MrretFideliunrpio,&
1378 4648 1749 4748 Christianturdinecul·
1900 4688 1904 4694 ,

387 4744 602 4829 Tumusdll.
826 4778 830 4785 ·
1132 4750 1289 4821 Rrrr
1593 4748 1749 4839 iurarit,
1858 4810 1863 4817 .
