<?xml version="1.0" encoding="UTF-8"?>
<!DOCTYPE html PUBLIC "-//W3C//DTD XHTML 1.0 Transitional//EN"
    "http://www.w3.org/TR/xhtml1/DTD/xhtml1-transitional.dtd">
<html xmlns="http://www.w3.org/1999/xhtml" xml:lang="en" lang="en">
 <head>
  <title>
</title>
<meta http-equiv="Content-Type" content="text/html;charset=utf-8" />
  <meta name='ocr-system' content='tesseract 3.04.00' />
  <meta name='ocr-capabilities' content='ocr_page ocr_carea ocr_par ocr_line ocrx_word'/>
</head>
<body>
  <div class='ocr_page' id='page_1' title='image "./thesavrvsivrise02schmgoog_0056.png"; bbox 0 0 4509 5550; ppageno 0'>
   <div class='ocr_carea' id='block_1_1' title="bbox 513 554 2000 856">
    <p class='ocr_par' dir='ltr' id='par_1_1' title="bbox 513 554 2000 856">
     <span class='ocr_line' id='line_1_1' title="bbox 513 554 647 632; baseline -0.03 -18"><span class='ocrx_word' id='word_1_1' title='bbox 513 554 569 632; x_wconf 75' lang='lat'>4²-</span> <span class='ocrx_word' id='word_1_2' title='bbox 612 561 647 610; x_wconf 60' lang='lat' dir='ltr'>r</span> 
     </span>
     <span class='ocr_line' id='line_1_2' title="bbox 559 671 2000 856; baseline -0.003 -77"><span class='ocrx_word' id='word_1_3' title='bbox 559 711 577 779; x_wconf 68' lang='lat'>³.</span> <span class='ocrx_word' id='word_1_4' title='bbox 594 708 790 856; x_wconf 70' lang='lat' dir='ltr'>Conjuqinnr</span> <span class='ocrx_word' id='word_1_5' title='bbox 805 707 886 774; x_wconf 79' lang='lat' dir='ltr'>illuri</span> <span class='ocrx_word' id='word_1_6' title='bbox 896 707 1134 792; x_wconf 78' lang='lat' dir='ltr'>spiritualonan</span> <span class='ocrx_word' id='word_1_7' title='bbox 1147 671 1500 854; x_wconf 62' lang='lat' dir='ltr'>exmqp&#39;u&#39;vitqriaanea</span> <span class='ocrx_word' id='word_1_8' title='bbox 1513 710 1711 778; x_wconf 66' lang='lat' dir='ltr'>Innocentius</span> <span class='ocrx_word' id='word_1_9' title='bbox 1727 706 1787 777; x_wconf 67' lang='lat'>111</span> <span class='ocrx_word' id='word_1_10' title='bbox 1829 707 2000 777; x_wconf 81' lang='lat' dir='ltr'>interero</span> 
     </span>
     <span class='ocr_line' id='line_1_3' title="bbox 720 815 729 856; baseline 0 0"><span class='ocrx_word' id='word_1_11' title='bbox 720 815 729 856; x_wconf 92' lang='lat' dir='ltr'>l</span> 
     </span>
    </p>
   </div>
   <div class='ocr_carea' id='block_1_2' title="bbox 395 1299 1994 1446">
    <p class='ocr_par' dir='ltr' id='par_1_2' title="bbox 395 1299 1994 1446">
     <span class='ocr_line' id='line_1_4' title="bbox 395 1299 1994 1446; baseline -0.004 -18"><span class='ocrx_word' id='word_1_12' title='bbox 395 1411 405 1419; x_wconf 88' lang='lat'>-</span> <span class='ocrx_word' id='word_1_13' title='bbox 459 1362 469 1376; x_wconf 82' lang='grc'><strong>“</strong></span> <span class='ocrx_word' id='word_1_14' title='bbox 515 1407 529 1417; x_wconf 59' lang='lat'>..</span> <span class='ocrx_word' id='word_1_15' title='bbox 625 1375 734 1428; x_wconf 85' lang='lat' dir='ltr'>eontra</span> <span class='ocrx_word' id='word_1_16' title='bbox 751 1366 842 1446; x_wconf 84' lang='lat' dir='ltr'>legem</span> <span class='ocrx_word' id='word_1_17' title='bbox 859 1359 1009 1444; x_wconf 83' lang='lat' dir='ltr'>deserens,</span> <span class='ocrx_word' id='word_1_18' title='bbox 1030 1361 1203 1446; x_wconf 68' lang='lat' dir='ltr'>islamuero</span> <span class='ocrx_word' id='word_1_19' title='bbox 1216 1371 1323 1424; x_wconf 87' lang='lat' dir='ltr'>contra</span> <span class='ocrx_word' id='word_1_20' title='bbox 1339 1364 1609 1442; x_wconf 84' lang='lat' dir='ltr'>legemiunadens,·</span> <span class='ocrx_word' id='word_1_21' title='bbox 1632 1361 1671 1423; x_wconf 69' lang='lat' dir='ltr'>td</span> <span class='ocrx_word' id='word_1_22' title='bbox 1684 1299 1994 1442; x_wconf 51' lang='lat' dir='ltr'>cumsuamssueulia</span> 
     </span>
    </p>
   </div>
   <div class='ocr_carea' id='block_1_3' title="bbox 816 458 1754 618">
    <p class='ocr_par' dir='ltr' id='par_1_3' title="bbox 816 458 1754 618">
     <span class='ocr_line' id='line_1_5' title="bbox 816 458 1754 618; baseline -0.006 -9"><span class='ocrx_word' id='word_1_23' title='bbox 816 515 830 594; x_wconf 67' lang='grc' dir='ltr'><strong><em>ἶ</em></strong></span> <span class='ocrx_word' id='word_1_24' title='bbox 886 522 1623 618; x_wconf 72' lang='lat' dir='ltr'>msstnuaurosucouua</span> <span class='ocrx_word' id='word_1_25' title='bbox 1705 458 1754 562; x_wconf 64' lang='grc' dir='ltr'> </span> 
     </span>
    </p>
   </div>
   <div class='ocr_carea' id='block_1_4' title="bbox 626 791 2007 1348">
    <p class='ocr_par' dir='ltr' id='par_1_4' title="bbox 626 791 2007 1348">
     <span class='ocr_line' id='line_1_6' title="bbox 632 791 1997 878; baseline -0.001 -20"><span class='ocrx_word' id='word_1_26' title='bbox 632 809 704 878; x_wconf 86' lang='lat' dir='ltr'>amp</span> <span class='ocrx_word' id='word_1_27' title='bbox 731 793 847 858; x_wconf 84' lang='lat' dir='ltr'>llimnm</span> <span class='ocrx_word' id='word_1_28' title='bbox 863 811 906 856; x_wconf 82' lang='lat' dir='ltr'>ex</span> <span class='ocrx_word' id='word_1_29' title='bbox 919 791 1055 873; x_wconf 73' lang='lat' dir='ltr'>antiquio</span> <span class='ocrx_word' id='word_1_30' title='bbox 1071 791 1182 854; x_wconf 87' lang='lat' dir='ltr'>habuit</span> <span class='ocrx_word' id='word_1_31' title='bbox 1195 793 1340 873; x_wconf 85' lang='lat' dir='ltr'>copiam,</span> <span class='ocrx_word' id='word_1_32' title='bbox 1372 809 1448 854; x_wconf 83' lang='lat' dir='ltr'>unm</span> <span class='ocrx_word' id='word_1_33' title='bbox 1460 793 1500 856; x_wconf 83' lang='lat' dir='ltr'>de</span> <span class='ocrx_word' id='word_1_34' title='bbox 1511 795 1717 858; x_wconf 86' lang='lat' dir='ltr'>matrimonio</span> <span class='ocrx_word' id='word_1_35' title='bbox 1730 793 1879 875; x_wconf 76' lang='lat' dir='ltr'>spirituali</span> <span class='ocrx_word' id='word_1_36' title='bbox 1898 793 1997 876; x_wconf 80' lang='lat' dir='ltr'>syste-</span> 
     </span>
     <span class='ocr_line' id='line_1_7' title="bbox 634 873 2007 1020; baseline 0.001 -80"><span class='ocrx_word' id='word_1_37' title='bbox 634 897 685 940; x_wconf 85' lang='lat' dir='ltr'>ma</span> <span class='ocrx_word' id='word_1_38' title='bbox 705 874 910 958; x_wconf 79' lang='lat' dir='ltr'>expoliendi:</span> <span class='ocrx_word' id='word_1_39' title='bbox 923 873 1193 970; x_wconf 69' lang='lat' dir='ltr'>,ptaeiverntjern</span> <span class='ocrx_word' id='word_1_40' title='bbox 1214 892 1264 955; x_wconf 78' lang='lat' dir='ltr'>au.</span> <span class='ocrx_word' id='word_1_41' title='bbox 1281 891 1355 954; x_wconf 77' lang='lat'>340.</span> <span class='ocrx_word' id='word_1_42' title='bbox 1388 875 1611 940; x_wconf 73' lang='lat' dir='ltr'>Alexandrino</span> <span class='ocrx_word' id='word_1_43' title='bbox 1634 875 1803 1020; x_wconf 57' lang='lat' dir='ltr'>Spmqque,</span> <span class='ocrx_word' id='word_1_44' title='bbox 1825 876 1865 938; x_wconf 86' lang='lat' dir='ltr'>de</span> <span class='ocrx_word' id='word_1_45' title='bbox 1881 894 1943 956; x_wconf 88' lang='lat' dir='ltr'>qua</span> <span class='ocrx_word' id='word_1_46' title='bbox 1959 874 2007 972; x_wconf 38' lang='lat' dir='ltr'>&#39;Sc</span> 
     </span>
     <span class='ocr_line' id='line_1_8' title="bbox 629 950 1996 1132; baseline -0.001 -30"><span class='ocrx_word' id='word_1_47' title='bbox 629 950 1344 1132; x_wconf 45' lang='lat' dir='ltr'>,illleinitiationum</span> <span class='ocrx_word' id='word_1_48' title='bbox 1356 952 1996 1132; x_wconf 53' lang='lat' dir='ltr'>instrumentorum</span> 
     </span>
     <span class='ocr_line' id='line_1_9' title="bbox 630 1117 1997 1218; baseline -0.003 -34"><span class='ocrx_word' id='word_1_49' title='bbox 630 1125 853 1185; x_wconf 78' lang='lat' dir='ltr'>ordinationem</span> <span class='ocrx_word' id='word_1_50' title='bbox 869 1117 1258 1216; x_wconf 39' lang='lat' dir='ltr'>Atlranufir‘reprchqndet,</span> <span class='ocrx_word' id='word_1_51' title='bbox 1279 1117 1384 1190; x_wconf 78' lang='lat' dir='ltr'>loma,</span> <span class='ocrx_word' id='word_1_52' title='bbox 1402 1121 1457 1214; x_wconf 81' lang='lat' dir='ltr'>qui</span> <span class='ocrx_word' id='word_1_53' title='bbox 1475 1119 1538 1216; x_wconf 79' lang='lat' dir='ltr'>ipse</span> <span class='ocrx_word' id='word_1_54' title='bbox 1550 1118 1639 1216; x_wconf 77' lang='lat' dir='ltr'>farte</span> <span class='ocrx_word' id='word_1_55' title='bbox 1655 1139 1816 1218; x_wconf 76' lang='lat' dir='ltr'>nunquam</span> <span class='ocrx_word' id='word_1_56' title='bbox 1829 1120 1997 1216; x_wconf 72' lang='lat' dir='ltr'>ordinatur</span> 
     </span>
     <span class='ocr_line' id='line_1_10' title="bbox 626 1197 1995 1348; baseline -0.002 -84"><span class='ocrx_word' id='word_1_57' title='bbox 626 1205 686 1348; x_wconf 52' lang='lat' dir='ltr'>zi,</span> <span class='ocrx_word' id='word_1_58' title='bbox 707 1213 780 1276; x_wconf 87' lang='lat' dir='ltr'>aut,</span> <span class='ocrx_word' id='word_1_59' title='bbox 798 1201 826 1284; x_wconf 79' lang='lat' dir='ltr'><em>st</em></span> <span class='ocrx_word' id='word_1_60' title='bbox 844 1217 978 1283; x_wconf 74' lang='lat' dir='ltr'>tanqum</span> <span class='ocrx_word' id='word_1_61' title='bbox 990 1197 1077 1282; x_wconf 81' lang='lat' dir='ltr'>fuit,</span> <span class='ocrx_word' id='word_1_62' title='bbox 1093 1199 1316 1262; x_wconf 78' lang='lat' dir='ltr'>ordinationem</span> <span class='ocrx_word' id='word_1_63' title='bbox 1322 1198 1416 1283; x_wconf 87' lang='lat' dir='ltr'>suam</span> <span class='ocrx_word' id='word_1_64' title='bbox 1429 1212 1556 1266; x_wconf 80' lang='lat' dir='ltr'>irritem</span> <span class='ocrx_word' id='word_1_65' title='bbox 1564 1199 1658 1284; x_wconf 80' lang='lat' dir='ltr'>fecit:</span> <span class='ocrx_word' id='word_1_66' title='bbox 1676 1221 1750 1266; x_wconf 88' lang='lat' dir='ltr'>nam</span> <span class='ocrx_word' id='word_1_67' title='bbox 1768 1200 1995 1284; x_wconf 82' lang='lat' dir='ltr'>rneteaqucdem</span> 
     </span>
    </p>
   </div>
   <div class='ocr_carea' id='block_1_5' title="bbox 661 1279 1994 1366">
    <p class='ocr_par' dir='ltr' id='par_1_5' title="bbox 661 1279 1994 1366">
     <span class='ocr_line' id='line_1_11' title="bbox 661 1279 1994 1366; baseline -0.002 -20"><span class='ocrx_word' id='word_1_68' title='bbox 661 1287 741 1366; x_wconf 77' lang='lat' dir='ltr'>eryti</span> <span class='ocrx_word' id='word_1_69' title='bbox 763 1281 932 1366; x_wconf 77' lang='lat' dir='ltr'>Episcopus</span> <span class='ocrx_word' id='word_1_70' title='bbox 943 1279 1032 1366; x_wconf 82' lang='lat' dir='ltr'>suite</span> <span class='ocrx_word' id='word_1_71' title='bbox 1058 1280 1379 1366; x_wconf 16' lang='lat' dir='ltr'>relidaqueUBeryto,</span> <span class='ocrx_word' id='word_1_72' title='bbox 1408 1280 1616 1350; x_wconf 73' lang='lat' dir='ltr'>Nicomediam</span> <span class='ocrx_word' id='word_1_73' title='bbox 1630 1287 1737 1353; x_wconf 78' lang='lat' dir='ltr'>uenit,</span> <span class='ocrx_word' id='word_1_74' title='bbox 1766 1286 1851 1341; x_wconf 81' lang='lat' dir='ltr'>cuam</span> <span class='ocrx_word' id='word_1_75' title='bbox 1891 1279 1994 1344; x_wconf 80' lang='lat' dir='ltr'>uidem</span> 
     </span>
    </p>
   </div>
   <div class='ocr_carea' id='block_1_6' title="bbox 625 1439 1992 1612">
    <p class='ocr_par' dir='ltr' id='par_1_6' title="bbox 625 1439 1992 1612">
     <span class='ocr_line' id='line_1_12' title="bbox 626 1439 1991 1528; baseline -0.004 -17"><span class='ocrx_word' id='word_1_76' title='bbox 626 1445 776 1511; x_wconf 80' lang='lat' dir='ltr'>claritate</span> <span class='ocrx_word' id='word_1_77' title='bbox 790 1445 963 1528; x_wconf 76' lang='lat' dir='ltr'>reliquerit,</span> <span class='ocrx_word' id='word_1_78' title='bbox 992 1445 1121 1506; x_wconf 89' lang='lat' dir='ltr'>alienam</span> <span class='ocrx_word' id='word_1_79' title='bbox 1131 1443 1197 1528; x_wconf 78' lang='lat' dir='ltr'>fine</span> <span class='ocrx_word' id='word_1_80' title='bbox 1213 1439 1302 1523; x_wconf 86' lang='lat' dir='ltr'>causa</span> <span class='ocrx_word' id='word_1_81' title='bbox 1318 1451 1463 1523; x_wconf 71' lang='lat' dir='ltr'>occupate</span> <span class='ocrx_word' id='word_1_82' title='bbox 1492 1445 1611 1523; x_wconf 77' lang='lat' dir='ltr'>prioris</span> <span class='ocrx_word' id='word_1_83' title='bbox 1629 1439 1817 1525; x_wconf 83' lang='lat' dir='ltr'>episcopatus</span> <span class='ocrx_word' id='word_1_84' title='bbox 1831 1444 1991 1506; x_wconf 86' lang='lat' dir='ltr'>caritatem</span> 
     </span>
     <span class='ocr_line' id='line_1_13' title="bbox 625 1517 1992 1612; baseline -0.004 -20"><span class='ocrx_word' id='word_1_85' title='bbox 625 1530 720 1592; x_wconf 80' lang='lat' dir='ltr'>alieni</span> <span class='ocrx_word' id='word_1_86' title='bbox 736 1525 903 1612; x_wconf 80' lang='lat' dir='ltr'>cupiditate</span> <span class='ocrx_word' id='word_1_87' title='bbox 916 1517 1086 1607; x_wconf 65' lang='lat' dir='ltr'>contempit</span> <span class='ocrx_word' id='word_1_88' title='bbox 1094 1545 1106 1595; x_wconf 70' lang='grc' dir='ltr'><strong><em>ς</em></strong></span> <span class='ocrx_word' id='word_1_89' title='bbox 1128 1543 1180 1586; x_wconf 86' lang='lat' dir='ltr'>nec</span> <span class='ocrx_word' id='word_1_90' title='bbox 1193 1531 1292 1586; x_wconf 86' lang='lat' dir='ltr'>tamen</span> <span class='ocrx_word' id='word_1_91' title='bbox 1307 1523 1392 1586; x_wconf 86' lang='lat' dir='ltr'>illum</span> <span class='ocrx_word' id='word_1_92' title='bbox 1404 1522 1550 1594; x_wconf 84' lang='lat' dir='ltr'>alterum,</span> <span class='ocrx_word' id='word_1_93' title='bbox 1580 1543 1667 1606; x_wconf 85' lang='lat' dir='ltr'>quem</span> <span class='ocrx_word' id='word_1_94' title='bbox 1679 1531 1766 1585; x_wconf 86' lang='lat' dir='ltr'>tanta</span> <span class='ocrx_word' id='word_1_95' title='bbox 1777 1522 1992 1586; x_wconf 80' lang='lat' dir='ltr'>auiditateoc·</span> 
     </span>
    </p>
   </div>
   <div class='ocr_carea' id='block_1_7' title="bbox 463 1585 1992 1698">
    <p class='ocr_par' dir='ltr' id='par_1_7' title="bbox 463 1585 1992 1698">
     <span class='ocr_line' id='line_1_14' title="bbox 463 1585 1992 1698; baseline -0.007 -21"><span class='ocrx_word' id='word_1_96' title='bbox 463 1611 475 1638; x_wconf 83' lang='lat'><em>&#39;</em></span> <span class='ocrx_word' id='word_1_97' title='bbox 500 1585 515 1602; x_wconf 26' lang='grc' dir='ltr'>κ</span> <span class='ocrx_word' id='word_1_98' title='bbox 587 1638 597 1660; x_wconf 70' lang='lat'><strong><em>¹</em></strong></span> <span class='ocrx_word' id='word_1_99' title='bbox 626 1617 775 1692; x_wconf 78' lang='lat' dir='ltr'>cuperat,</span> <span class='ocrx_word' id='word_1_100' title='bbox 798 1609 945 1670; x_wconf 83' lang='lat' dir='ltr'>retinuit:</span> <span class='ocrx_word' id='word_1_101' title='bbox 979 1625 1037 1670; x_wconf 84' lang='lat' dir='ltr'>ecce</span> <span class='ocrx_word' id='word_1_102' title='bbox 1051 1609 1148 1678; x_wconf 72' lang='lat' dir='ltr'>carim,</span> <span class='ocrx_word' id='word_1_103' title='bbox 1171 1605 1252 1666; x_wconf 83' lang='lat' dir='ltr'>illinc</span> <span class='ocrx_word' id='word_1_104' title='bbox 1267 1623 1383 1686; x_wconf 88' lang='lat' dir='ltr'>quoque</span> <span class='ocrx_word' id='word_1_105' title='bbox 1391 1601 1558 1698; x_wconf 78' lang='lat' dir='ltr'>disaedens,</span> <span class='ocrx_word' id='word_1_106' title='bbox 1579 1607 1711 1668; x_wconf 86' lang='lat' dir='ltr'>alienum</span> <span class='ocrx_word' id='word_1_107' title='bbox 1721 1603 1831 1684; x_wconf 76' lang='lat' dir='ltr'>rursus</span> <span class='ocrx_word' id='word_1_108' title='bbox 1842 1607 1992 1690; x_wconf 77' lang='lat' dir='ltr'>arripuit,</span> 
     </span>
    </p>
   </div>
   <div class='ocr_carea' id='block_1_8' title="bbox 622 1683 1993 2180">
    <p class='ocr_par' dir='ltr' id='par_1_8' title="bbox 622 1683 1993 2180">
     <span class='ocr_line' id='line_1_15' title="bbox 622 1683 1993 1782; baseline -0.003 -30"><span class='ocrx_word' id='word_1_109' title='bbox 622 1691 741 1774; x_wconf 79' lang='lat' dir='ltr'>semper</span> <span class='ocrx_word' id='word_1_110' title='bbox 767 1691 882 1752; x_wconf 84' lang='lat' dir='ltr'>alienas</span> <span class='ocrx_word' id='word_1_111' title='bbox 904 1691 1040 1752; x_wconf 85' lang='lat' dir='ltr'>ciuitates</span> <span class='ocrx_word' id='word_1_112' title='bbox 1058 1684 1276 1768; x_wconf 79' lang='lat' dir='ltr'>concrepiscenc,</span> <span class='ocrx_word' id='word_1_113' title='bbox 1307 1695 1414 1758; x_wconf 87' lang='lat' dir='ltr'>ratus,</span> <span class='ocrx_word' id='word_1_114' title='bbox 1441 1705 1475 1747; x_wconf 85' lang='lat' dir='ltr'>m</span> <span class='ocrx_word' id='word_1_115' title='bbox 1493 1685 1620 1769; x_wconf 79' lang='lat' dir='ltr'>opibus,</span> <span class='ocrx_word' id='word_1_116' title='bbox 1650 1683 1690 1750; x_wconf 68' lang='grc' dir='ltr'>Θ</span> <span class='ocrx_word' id='word_1_117' title='bbox 1708 1685 1993 1782; x_wconf 63' lang='lat' dir='ltr'>magnitudinemn-</span> 
     </span>
     <span class='ocr_line' id='line_1_16' title="bbox 625 1765 1992 1853; baseline -0.002 -20"><span class='ocrx_word' id='word_1_118' title='bbox 625 1773 710 1833; x_wconf 78' lang='lat' dir='ltr'>tium</span> <span class='ocrx_word' id='word_1_119' title='bbox 726 1772 928 1852; x_wconf 84' lang='lat' dir='ltr'>religioneme</span> <span class='ocrx_word' id='word_1_120' title='bbox 952 1789 966 1830; x_wconf 91' lang='lat' dir='ltr'>e</span> <span class='ocrx_word' id='word_1_121' title='bbox 976 1770 1087 1853; x_wconf 72' lang='lat' dir='ltr'>fitame</span> <span class='ocrx_word' id='word_1_122' title='bbox 1111 1765 1340 1832; x_wconf 74' lang='lat' dir='ltr'>&amp;sonuere</span> <span class='ocrx_word' id='word_1_123' title='bbox 1357 1767 1462 1839; x_wconf 75' lang='lat' dir='ltr'>Dm,</span> <span class='ocrx_word' id='word_1_124' title='bbox 1477 1765 1645 1849; x_wconf 87' lang='lat' dir='ltr'>secundum</span> <span class='ocrx_word' id='word_1_125' title='bbox 1660 1785 1752 1849; x_wconf 87' lang='lat' dir='ltr'>quam</span> <span class='ocrx_word' id='word_1_126' title='bbox 1766 1774 1893 1849; x_wconf 86' lang='lat' dir='ltr'>quisque</span> <span class='ocrx_word' id='word_1_127' title='bbox 1903 1767 1992 1831; x_wconf 84' lang='lat' dir='ltr'>ordc-</span> 
     </span>
     <span class='ocr_line' id='line_1_17' title="bbox 625 1847 1992 1936; baseline -0.002 -21"><span class='ocrx_word' id='word_1_128' title='bbox 625 1863 720 1915; x_wconf 80' lang='lat' dir='ltr'>natur</span> <span class='ocrx_word' id='word_1_129' title='bbox 735 1851 792 1936; x_wconf 72' lang='lat' dir='ltr'>esi,</span> <span class='ocrx_word' id='word_1_130' title='bbox 813 1869 871 1931; x_wconf 82' lang='lat' dir='ltr'>pro</span> <span class='ocrx_word' id='word_1_131' title='bbox 889 1855 923 1912; x_wconf 85' lang='lat' dir='ltr'>ni</span> <span class='ocrx_word' id='word_1_132' title='bbox 944 1851 1096 1922; x_wconf 75' lang='lat' dir='ltr'>deducit,</span> <span class='ocrx_word' id='word_1_133' title='bbox 1117 1849 1125 1910; x_wconf 89' lang='grc' dir='ltr'>ἰ</span> <span class='ocrx_word' id='word_1_134' title='bbox 1173 1847 1374 1909; x_wconf 82' lang='lat' dir='ltr'>oransillud:</span> <span class='ocrx_word' id='word_1_135' title='bbox 1393 1847 1448 1909; x_wconf 86' lang='lat' dir='ltr'>ulei</span> <span class='ocrx_word' id='word_1_136' title='bbox 1459 1849 1536 1918; x_wconf 88' lang='lat' dir='ltr'>duo,</span> <span class='ocrx_word' id='word_1_137' title='bbox 1559 1857 1687 1911; x_wconf 81' lang='lat' dir='ltr'>aut‘tres</span> <span class='ocrx_word' id='word_1_138' title='bbox 1701 1850 1736 1912; x_wconf 85' lang='lat' dir='ltr'>in</span> <span class='ocrx_word' id='word_1_139' title='bbox 1749 1849 1992 1913; x_wconf 82' lang='lat' dir='ltr'>nomineDomi·</span> 
     </span>
     <span class='ocr_line' id='line_1_18' title="bbox 624 1927 1991 2016; baseline -0.002 -19"><span class='ocrx_word' id='word_1_140' title='bbox 624 1937 782 2016; x_wconf 85' lang='lat' dir='ltr'>nicongre</span> <span class='ocrx_word' id='word_1_141' title='bbox 805 1927 998 2012; x_wconf 68' lang='lat' dir='ltr'>misererier,</span> <span class='ocrx_word' id='word_1_142' title='bbox 1021 1933 1106 1992; x_wconf 79' lang='lat' dir='ltr'>illice</span> <span class='ocrx_word' id='word_1_143' title='bbox 1130 1929 1370 1992; x_wconf 83' lang='lat' dir='ltr'>eDominumin</span> <span class='ocrx_word' id='word_1_144' title='bbox 1383 1929 1611 2002; x_wconf 85' lang='lat' dir='ltr'>medioeorum,</span> <span class='ocrx_word' id='word_1_145' title='bbox 1634 1927 1991 2014; x_wconf 81' lang='lat' dir='ltr'>necseeumrecogitam,</span> 
     </span>
     <span class='ocr_line' id='line_1_19' title="bbox 624 2009 1992 2098; baseline -0.001 -18"><span class='ocrx_word' id='word_1_146' title='bbox 624 2013 741 2080; x_wconf 61' lang='lat' dir='ltr'>distem</span> <span class='ocrx_word' id='word_1_147' title='bbox 754 2016 767 2076; x_wconf 95' lang='lat' dir='ltr'>i</span> <span class='ocrx_word' id='word_1_148' title='bbox 788 2011 830 2076; x_wconf 88' lang='lat' dir='ltr'>ud</span> <span class='ocrx_word' id='word_1_149' title='bbox 842 2011 983 2098; x_wconf 72' lang='lat' dir='ltr'>Apostoli</span> <span class='ocrx_word' id='word_1_150' title='bbox 989 2030 1002 2074; x_wconf 89' lang='lat'>.·</span> <span class='ocrx_word' id='word_1_151' title='bbox 1022 2031 1087 2074; x_wconf 88' lang='lat' dir='ltr'>non</span> <span class='ocrx_word' id='word_1_152' title='bbox 1099 2031 1132 2074; x_wconf 86' lang='lat' dir='ltr'>ru</span> <span class='ocrx_word' id='word_1_153' title='bbox 1144 2011 1255 2073; x_wconf 87' lang='lat' dir='ltr'>alienis</span> <span class='ocrx_word' id='word_1_154' title='bbox 1267 2010 1428 2074; x_wconf 76' lang='lat' dir='ltr'>laboribus</span> <span class='ocrx_word' id='word_1_155' title='bbox 1441 2011 1622 2092; x_wconf 71' lang='lat' dir='ltr'>gloriabor:</span> <span class='ocrx_word' id='word_1_156' title='bbox 1649 2030 1744 2096; x_wconf 85' lang='lat' dir='ltr'>neque</span> <span class='ocrx_word' id='word_1_157' title='bbox 1754 2033 1821 2094; x_wconf 80' lang='lat' dir='ltr'>pree</span> <span class='ocrx_word' id='word_1_158' title='bbox 1832 2009 1992 2082; x_wconf 77' lang='lat' dir='ltr'>enutrio-</span> 
     </span>
     <span class='ocr_line' id='line_1_20' title="bbox 625 2089 1993 2180; baseline -0.003 -20"><span class='ocrx_word' id='word_1_159' title='bbox 625 2097 697 2160; x_wconf 82' lang='lat' dir='ltr'>leens</span> <span class='ocrx_word' id='word_1_160' title='bbox 708 2098 792 2158; x_wconf 86' lang='lat' dir='ltr'>tilius</span> <span class='ocrx_word' id='word_1_161' title='bbox 808 2103 1007 2178; x_wconf 82' lang='lat' dir='ltr'>praceptqem:</span> <span class='ocrx_word' id='word_1_162' title='bbox 1039 2093 1186 2176; x_wconf 78' lang='lat' dir='ltr'>alligatus</span> <span class='ocrx_word' id='word_1_163' title='bbox 1200 2113 1235 2156; x_wconf 79' lang='lat' dir='ltr'>ee</span> <span class='ocrx_word' id='word_1_164' title='bbox 1248 2093 1363 2162; x_wconf 89' lang='lat' dir='ltr'>uxori,</span> <span class='ocrx_word' id='word_1_165' title='bbox 1393 2093 1460 2154; x_wconf 88' lang='lat' dir='ltr'>noli</span> <span class='ocrx_word' id='word_1_166' title='bbox 1474 2111 1613 2172; x_wconf 78' lang='lat' dir='ltr'>quaerere</span> <span class='ocrx_word' id='word_1_167' title='bbox 1627 2089 1826 2159; x_wconf 83' lang='lat' dir='ltr'>solutionem.</span> <span class='ocrx_word' id='word_1_168' title='bbox 1879 2095 1993 2180; x_wconf 77' lang='lat' dir='ltr'>Quodfi</span> 
     </span>
    </p>
   </div>
   <div class='ocr_carea' id='block_1_9' title="bbox 554 2173 2070 2260">
    <p class='ocr_par' dir='ltr' id='par_1_9' title="bbox 554 2173 2070 2260">
     <span class='ocr_line' id='line_1_21' title="bbox 554 2173 2070 2260; baseline -0.003 -18"><span class='ocrx_word' id='word_1_169' title='bbox 554 2230 568 2242; x_wconf 94' lang='lat'>..</span> <span class='ocrx_word' id='word_1_170' title='bbox 626 2177 681 2241; x_wconf 84' lang='lat' dir='ltr'>leoc</span> <span class='ocrx_word' id='word_1_171' title='bbox 695 2179 733 2240; x_wconf 86' lang='lat' dir='ltr'>de</span> <span class='ocrx_word' id='word_1_172' title='bbox 748 2195 855 2239; x_wconf 87' lang='lat' dir='ltr'>uxore</span> <span class='ocrx_word' id='word_1_173' title='bbox 871 2175 983 2238; x_wconf 79' lang='lat' dir='ltr'>dilium</span> <span class='ocrx_word' id='word_1_174' title='bbox 996 2174 1050 2256; x_wconf 73' lang='lat' dir='ltr'>esi,</span> <span class='ocrx_word' id='word_1_175' title='bbox 1073 2185 1193 2256; x_wconf 87' lang='lat' dir='ltr'>quanto</span> <span class='ocrx_word' id='word_1_176' title='bbox 1207 2176 1309 2254; x_wconf 81' lang='lat' dir='ltr'>magio</span> <span class='ocrx_word' id='word_1_177' title='bbox 1324 2174 1363 2235; x_wconf 88' lang='lat' dir='ltr'>de</span> <span class='ocrx_word' id='word_1_178' title='bbox 1379 2173 1534 2245; x_wconf 85' lang='lat' dir='ltr'>Ecclelia,</span> <span class='ocrx_word' id='word_1_179' title='bbox 1556 2185 1650 2256; x_wconf 85' lang='lat' dir='ltr'>atque</span> <span class='ocrx_word' id='word_1_180' title='bbox 1666 2177 1747 2238; x_wconf 80' lang='lat' dir='ltr'>adeo</span> <span class='ocrx_word' id='word_1_181' title='bbox 1764 2179 1805 2238; x_wconf 87' lang='lat' dir='ltr'>de</span> <span class='ocrx_word' id='word_1_182' title='bbox 1820 2175 2005 2260; x_wconf 80' lang='lat' dir='ltr'>Episcopa··</span> <span class='ocrx_word' id='word_1_183' title='bbox 2063 2233 2070 2244; x_wconf 33' lang='grc' dir='ltr'><em>Ι</em></span> 
     </span>
    </p>
   </div>
   <div class='ocr_carea' id='block_1_10' title="bbox 626 2255 1993 2340">
    <p class='ocr_par' dir='ltr' id='par_1_10' title="bbox 626 2255 1993 2340">
     <span class='ocr_line' id='line_1_22' title="bbox 626 2255 1993 2340; baseline -0.004 -16"><span class='ocrx_word' id='word_1_184' title='bbox 626 2259 689 2324; x_wconf 74' lang='lat' dir='ltr'>tu?</span> <span class='ocrx_word' id='word_1_185' title='bbox 710 2261 759 2322; x_wconf 90' lang='lat' dir='ltr'>cui</span> <span class='ocrx_word' id='word_1_186' title='bbox 774 2275 839 2318; x_wconf 90' lang='lat' dir='ltr'>cum</span> <span class='ocrx_word' id='word_1_187' title='bbox 855 2259 924 2339; x_wconf 85' lang='lat' dir='ltr'>quis</span> <span class='ocrx_word' id='word_1_188' title='bbox 935 2259 1081 2340; x_wconf 86' lang='lat' dir='ltr'>alligatus</span> <span class='ocrx_word' id='word_1_189' title='bbox 1092 2255 1149 2338; x_wconf 69' lang='lat' dir='ltr'>eil,</span> <span class='ocrx_word' id='word_1_190' title='bbox 1160 2258 1255 2316; x_wconf 84' lang='lat' dir='ltr'>alium</span> <span class='ocrx_word' id='word_1_191' title='bbox 1269 2273 1403 2338; x_wconf 82' lang='lat' dir='ltr'>quarere</span> <span class='ocrx_word' id='word_1_192' title='bbox 1416 2275 1477 2317; x_wconf 85' lang='lat' dir='ltr'>non</span> <span class='ocrx_word' id='word_1_193' title='bbox 1492 2255 1591 2330; x_wconf 80' lang='lat' dir='ltr'>debet,</span> <span class='ocrx_word' id='word_1_194' title='bbox 1605 2277 1642 2318; x_wconf 90' lang='lat' dir='ltr'>ne</span> <span class='ocrx_word' id='word_1_195' title='bbox 1656 2259 1776 2320; x_wconf 77' lang='lat' dir='ltr'>adulter</span> <span class='ocrx_word' id='word_1_196' title='bbox 1789 2279 1829 2323; x_wconf 86' lang='lat' dir='ltr'>cx</span> <span class='ocrx_word' id='word_1_197' title='bbox 1857 2262 1938 2321; x_wconf 85' lang='lat' dir='ltr'>acris</span> <span class='ocrx_word' id='word_1_198' title='bbox 1951 2259 1993 2320; x_wconf 88' lang='lat' dir='ltr'>li-</span> 
     </span>
    </p>
   </div>
   <div class='ocr_carea' id='block_1_11' title="bbox 493 2334 1990 2434">
    <p class='ocr_par' dir='ltr' id='par_1_11' title="bbox 493 2334 1990 2434">
     <span class='ocr_line' id='line_1_23' title="bbox 493 2334 1990 2434; baseline 0 -31"><span class='ocrx_word' id='word_1_199' title='bbox 493 2389 496 2403; x_wconf 92' lang='lat'>.</span> <span class='ocrx_word' id='word_1_200' title='bbox 625 2344 703 2405; x_wconf 83' lang='lat' dir='ltr'>teris</span> <span class='ocrx_word' id='word_1_201' title='bbox 720 2337 970 2420; x_wconf 76' lang='lat' dir='ltr'>deprehendatur.</span> <span class='ocrx_word' id='word_1_202' title='bbox 1023 2335 1147 2418; x_wconf 80' lang='lat' dir='ltr'>Eodeqp</span> <span class='ocrx_word' id='word_1_203' title='bbox 1165 2336 1264 2398; x_wconf 79' lang='lat' dir='ltr'>morlo</span> <span class='ocrx_word' id='word_1_204' title='bbox 1284 2334 1315 2399; x_wconf 84' lang='lat' dir='ltr'>S.</span> <span class='ocrx_word' id='word_1_205' title='bbox 1339 2336 1514 2417; x_wconf 73' lang='lat' dir='ltr'>Cyprianus</span> <span class='ocrx_word' id='word_1_206' title='bbox 1530 2338 1618 2400; x_wconf 86' lang='lat' dir='ltr'>relat.</span> <span class='ocrx_word' id='word_1_207' title='bbox 1632 2340 1665 2399; x_wconf 92' lang='lat' dir='ltr'>in</span> <span class='ocrx_word' id='word_1_208' title='bbox 1681 2357 1747 2402; x_wconf 89' lang='lat' dir='ltr'>can.</span> <span class='ocrx_word' id='word_1_209' title='bbox 1761 2340 1792 2402; x_wconf 86' lang='lat'>6.</span> <span class='ocrx_word' id='word_1_210' title='bbox 1842 2341 1938 2434; x_wconf 64' lang='lat' dir='ltr'>tuq.</span> <span class='ocrx_word' id='word_1_211' title='bbox 1958 2359 1990 2408; x_wconf 87' lang='lat'>1.</span> 
     </span>
    </p>
   </div>
   <div class='ocr_carea' id='block_1_12' title="bbox 625 2415 1991 2500">
    <p class='ocr_par' dir='ltr' id='par_1_12' title="bbox 625 2415 1991 2500">
     <span class='ocr_line' id='line_1_24' title="bbox 625 2415 1991 2500; baseline -0.002 -12"><span class='ocrx_word' id='word_1_212' title='bbox 625 2421 947 2488; x_wconf 83' lang='lat' dir='ltr'>Novatianumvocat</span> <span class='ocrx_word' id='word_1_213' title='bbox 959 2417 1147 2492; x_wconf 88' lang='lat' dir='ltr'>adulterum,</span> <span class='ocrx_word' id='word_1_214' title='bbox 1170 2437 1212 2480; x_wconf 86' lang='lat' dir='ltr'>eo</span> <span class='ocrx_word' id='word_1_215' title='bbox 1227 2418 1313 2494; x_wconf 85' lang='lat' dir='ltr'>quod</span> <span class='ocrx_word' id='word_1_216' title='bbox 1326 2416 1547 2500; x_wconf 83' lang='lat' dir='ltr'>Episcopaturn</span> <span class='ocrx_word' id='word_1_217' title='bbox 1563 2419 1740 2482; x_wconf 84' lang='lat' dir='ltr'>Romanum</span> <span class='ocrx_word' id='word_1_218' title='bbox 1754 2415 1886 2484; x_wconf 69' lang='lat' dir='ltr'>tornelli</span> <span class='ocrx_word' id='word_1_219' title='bbox 1895 2442 1991 2485; x_wconf 78' lang='lat' dir='ltr'>curn·</span> 
     </span>
    </p>
   </div>
   <div class='ocr_carea' id='block_1_13' title="bbox 538 2489 1988 2724">
    <p class='ocr_par' dir='ltr' id='par_1_13' title="bbox 538 2489 1988 2724">
     <span class='ocr_line' id='line_1_25' title="bbox 538 2489 1988 2724; baseline 0.001 -160"><span class='ocrx_word' id='word_1_220' title='bbox 538 2555 542 2564; x_wconf 88' lang='lat'>.</span> <span class='ocrx_word' id='word_1_221' title='bbox 624 2504 717 2570; x_wconf 78' lang='lat' dir='ltr'>finer.</span> <span class='ocrx_word' id='word_1_222' title='bbox 759 2501 792 2566; x_wconf 87' lang='lat' dir='ltr'>S.</span> <span class='ocrx_word' id='word_1_223' title='bbox 812 2501 942 2584; x_wconf 86' lang='lat' dir='ltr'>Gregor.</span> <span class='ocrx_word' id='word_1_224' title='bbox 963 2499 1158 2564; x_wconf 85' lang='lat' dir='ltr'>Nazianzeu.</span> <span class='ocrx_word' id='word_1_225' title='bbox 1175 2499 1207 2562; x_wconf 91' lang='lat' dir='ltr'>in</span> <span class='ocrx_word' id='word_1_226' title='bbox 1223 2497 1373 2724; x_wconf 67' lang='lat' dir='ltr'>Oranqq.</span> <span class='ocrx_word' id='word_1_227' title='bbox 1418 2499 1457 2562; x_wconf 85' lang='lat' dir='ltr'>Iu</span> <span class='ocrx_word' id='word_1_228' title='bbox 1470 2499 1609 2580; x_wconf 73' lang='lat' dir='ltr'>gratiam</span> <span class='ocrx_word' id='word_1_229' title='bbox 1624 2489 1691 2564; x_wconf 79' lang='lat' dir='ltr'>cu&#39;ne</span> <span class='ocrx_word' id='word_1_230' title='bbox 1707 2506 1835 2565; x_wconf 83' lang='lat' dir='ltr'>ueritate</span> <span class='ocrx_word' id='word_1_231' title='bbox 1852 2503 1988 2577; x_wconf 84' lang='lat' dir='ltr'>redeant,</span> 
     </span>
    </p>
   </div>
   <div class='ocr_carea' id='block_1_14' title="bbox 623 2579 1990 2913">
    <p class='ocr_par' dir='ltr' id='par_1_14' title="bbox 623 2579 1990 2913">
     <span class='ocr_line' id='line_1_26' title="bbox 623 2579 1989 2672; baseline -0.002 -20"><span class='ocrx_word' id='word_1_232' title='bbox 623 2589 745 2672; x_wconf 87' lang='lat' dir='ltr'>quinas</span> <span class='ocrx_word' id='word_1_233' title='bbox 762 2603 970 2648; x_wconf 70' lang='lat' dir='ltr'>annaneane</span> <span class='ocrx_word' id='word_1_234' title='bbox 993 2579 1187 2646; x_wconf 75' lang='lat' dir='ltr'>Uxonana</span> <span class='ocrx_word' id='word_1_235' title='bbox 1206 2582 1340 2663; x_wconf 85' lang='lat' dir='ltr'>expetivi</span> <span class='ocrx_word' id='word_1_236' title='bbox 1362 2580 1499 2655; x_wconf 74' lang='lat' dir='ltr'>e&#39;a-nnr,</span> <span class='ocrx_word' id='word_1_237' title='bbox 1524 2601 1589 2644; x_wconf 85' lang='lat' dir='ltr'>curn</span> <span class='ocrx_word' id='word_1_238' title='bbox 1610 2605 1645 2644; x_wconf 89' lang='lat' dir='ltr'>ne</span> <span class='ocrx_word' id='word_1_239' title='bbox 1665 2597 1896 2648; x_wconf 74' lang='lat' dir='ltr'>nnonnrn‘n</span> <span class='ocrx_word' id='word_1_240' title='bbox 1918 2589 1989 2666; x_wconf 89' lang='lat' dir='ltr'>qni-</span> 
     </span>
     <span class='ocr_line' id='line_1_27' title="bbox 624 2602 1989 2754; baseline -0.001 -23"><span class='ocrx_word' id='word_1_241' title='bbox 624 2670 693 2732; x_wconf 88' lang='lat' dir='ltr'>dem</span> <span class='ocrx_word' id='word_1_242' title='bbox 708 2664 930 2746; x_wconf 86' lang='lat' dir='ltr'>(Safimorurn)</span> <span class='ocrx_word' id='word_1_243' title='bbox 959 2663 1066 2728; x_wconf 79' lang='lat' dir='ltr'>lralere</span> <span class='ocrx_word' id='word_1_244' title='bbox 1079 2664 1273 2727; x_wconf 84' lang='lat' dir='ltr'>noluerimus.</span> <span class='ocrx_word' id='word_1_245' title='bbox 1352 2602 1443 2733; x_wconf 52' lang='lat' dir='ltr'>ander</span> <span class='ocrx_word' id='word_1_246' title='bbox 1460 2662 1545 2744; x_wconf 87' lang='lat' dir='ltr'>supra</span> <span class='ocrx_word' id='word_1_247' title='bbox 1565 2663 1674 2728; x_wconf 87' lang='lat' dir='ltr'>Siricie&#39;</span> <span class='ocrx_word' id='word_1_248' title='bbox 1688 2665 1725 2727; x_wconf 83' lang='lat' dir='ltr'>l‘a</span> <span class='ocrx_word' id='word_1_249' title='bbox 1750 2686 1795 2754; x_wconf 76' lang='lat' dir='ltr'>ae,</span> <span class='ocrx_word' id='word_1_250' title='bbox 1817 2665 1872 2729; x_wconf 85' lang='lat' dir='ltr'>vel</span> <span class='ocrx_word' id='word_1_251' title='bbox 1890 2667 1989 2730; x_wconf 82' lang='lat' dir='ltr'>inno·</span> 
     </span>
     <span class='ocr_line' id='line_1_28' title="bbox 624 2687 1988 2834; baseline -0.001 -19"><span class='ocrx_word' id='word_1_252' title='bbox 624 2752 731 2822; x_wconf 83' lang='lat' dir='ltr'>cantii,</span> <span class='ocrx_word' id='word_1_253' title='bbox 754 2765 907 2811; x_wconf 83' lang='lat' dir='ltr'>canonem</span> <span class='ocrx_word' id='word_1_254' title='bbox 923 2743 961 2809; x_wconf 91' lang='lat' dir='ltr'>ad</span> <span class='ocrx_word' id='word_1_255' title='bbox 978 2743 1089 2815; x_wconf 77' lang='lat' dir='ltr'>Gallos</span> <span class='ocrx_word' id='word_1_256' title='bbox 1108 2748 1137 2823; x_wconf 82' lang='lat'>§.</span> <span class='ocrx_word' id='word_1_257' title='bbox 1152 2743 1178 2810; x_wconf 88' lang='lat' dir='ltr'>l.</span> <span class='ocrx_word' id='word_1_258' title='bbox 1193 2741 1321 2806; x_wconf 75' lang='lat' dir='ltr'>nunno.</span> <span class='ocrx_word' id='word_1_259' title='bbox 1333 2743 1365 2806; x_wconf 93' lang='lat' dir='ltr'>in</span> <span class='ocrx_word' id='word_1_260' title='bbox 1380 2742 1434 2808; x_wconf 84' lang='lat' dir='ltr'>fin.</span> <span class='ocrx_word' id='word_1_261' title='bbox 1459 2743 1635 2809; x_wconf 85' lang='lat' dir='ltr'>Concilium</span> <span class='ocrx_word' id='word_1_262' title='bbox 1651 2687 1924 2834; x_wconf 57' lang='lat' dir='ltr'>Cunilantinopol.</span> <span class='ocrx_word' id='word_1_263' title='bbox 1935 2769 1988 2819; x_wconf 82' lang='lat' dir='ltr'>an,</span> 
     </span>
     <span class='ocr_line' id='line_1_29' title="bbox 624 2822 1990 2913; baseline 0.001 -18"><span class='ocrx_word' id='word_1_264' title='bbox 624 2834 698 2913; x_wconf 73' lang='lat'>53⁶.</span> <span class='ocrx_word' id='word_1_265' title='bbox 719 2826 876 2891; x_wconf 81' lang='lat' dir='ltr'>sub-liena</span> <span class='ocrx_word' id='word_1_266' title='bbox 889 2828 920 2889; x_wconf 89' lang='lat' dir='ltr'>in</span> <span class='ocrx_word' id='word_1_267' title='bbox 931 2824 1018 2907; x_wconf 87' lang='lat' dir='ltr'>epist.</span> <span class='ocrx_word' id='word_1_268' title='bbox 1032 2822 1069 2887; x_wconf 85' lang='lat' dir='ltr'>ad</span> <span class='ocrx_word' id='word_1_269' title='bbox 1087 2824 1266 2907; x_wconf 82' lang='lat' dir='ltr'>Agapetum</span> <span class='ocrx_word' id='word_1_270' title='bbox 1280 2833 1390 2887; x_wconf 86' lang='lat' dir='ltr'>contra</span> <span class='ocrx_word' id='word_1_271' title='bbox 1405 2824 1621 2910; x_wconf 64' lang='lat' dir='ltr'>Anthymum:</span> <span class='ocrx_word' id='word_1_272' title='bbox 1652 2832 1744 2895; x_wconf 82' lang='lat' dir='ltr'>&#39;Ante</span> <span class='ocrx_word' id='word_1_273' title='bbox 1761 2835 1841 2896; x_wconf 89' lang='lat' dir='ltr'>enim</span> <span class='ocrx_word' id='word_1_274' title='bbox 1860 2834 1990 2897; x_wconf 86' lang='lat' dir='ltr'>multum</span> 
     </span>
    </p>
   </div>
   <div class='ocr_carea' id='block_1_15' title="bbox 548 2901 1988 3001">
    <p class='ocr_par' dir='ltr' id='par_1_15' title="bbox 548 2901 1988 3001">
     <span class='ocr_line' id='line_1_30' title="bbox 548 2901 1988 3001; baseline 0.006 -29"><span class='ocrx_word' id='word_1_275' title='bbox 548 2923 551 2939; x_wconf 74' lang='lat'><strong><em>⁴</em></strong></span> <span class='ocrx_word' id='word_1_276' title='bbox 622 2925 742 2994; x_wconf 79' lang='lat' dir='ltr'>temptet</span> <span class='ocrx_word' id='word_1_277' title='bbox 751 2908 965 2989; x_wconf 75' lang='lat' dir='ltr'>praecogitavit</span> <span class='ocrx_word' id='word_1_278' title='bbox 976 2906 1185 2975; x_wconf 81' lang='lat' dir='ltr'>adulterium,</span> <span class='ocrx_word' id='word_1_279' title='bbox 1211 2901 1245 2966; x_wconf 71' lang='grc' dir='ltr'>ἃ</span> <span class='ocrx_word' id='word_1_280' title='bbox 1263 2915 1386 2988; x_wconf 86' lang='lat' dir='ltr'>raptum</span> <span class='ocrx_word' id='word_1_281' title='bbox 1403 2904 1496 3001; x_wconf 77' lang='lat' dir='ltr'>letojus</span> <span class='ocrx_word' id='word_1_282' title='bbox 1515 2910 1682 2992; x_wconf 86' lang='lat' dir='ltr'>imperialis</span> <span class='ocrx_word' id='word_1_283' title='bbox 1695 2912 1829 2996; x_wconf 76' lang='lat' dir='ltr'>Ecclefice</span> <span class='ocrx_word' id='word_1_284' title='bbox 1841 2960 1850 2979; x_wconf 95' lang='lat'>.</span> <span class='ocrx_word' id='word_1_285' title='bbox 1864 2961 1897 2979; x_wconf 86' lang='lat'>..</span> <span class='ocrx_word' id='word_1_286' title='bbox 1918 2934 1988 2980; x_wconf 83' lang='lat' dir='ltr'>rum</span> 
     </span>
    </p>
   </div>
   <div class='ocr_carea' id='block_1_16' title="bbox 622 2984 1986 3215">
    <p class='ocr_par' dir='ltr' id='par_1_16' title="bbox 622 2984 1986 3215">
     <span class='ocr_line' id='line_1_31' title="bbox 622 2984 1986 3079; baseline 0.003 -24"><span class='ocrx_word' id='word_1_287' title='bbox 622 2992 785 3077; x_wconf 78' lang='lat' dir='ltr'>propriam</span> <span class='ocrx_word' id='word_1_288' title='bbox 799 2988 966 3070; x_wconf 79' lang='lat' dir='ltr'>neglexerit</span> <span class='ocrx_word' id='word_1_289' title='bbox 977 2988 1134 3071; x_wconf 82' lang='lat' dir='ltr'>erclestanr,</span> <span class='ocrx_word' id='word_1_290' title='bbox 1156 2984 1189 3049; x_wconf 77' lang='lat' dir='ltr'>cle</span> <span class='ocrx_word' id='word_1_291' title='bbox 1206 2985 1352 3061; x_wconf 87' lang='lat' dir='ltr'>viduam,</span> <span class='ocrx_word' id='word_1_292' title='bbox 1375 3009 1411 3053; x_wconf 86' lang='lat' dir='ltr'>ac</span> <span class='ocrx_word' id='word_1_293' title='bbox 1427 2992 1491 3053; x_wconf 85' lang='lat' dir='ltr'>irae</span> <span class='ocrx_word' id='word_1_294' title='bbox 1505 2990 1577 3053; x_wconf 87' lang='lat' dir='ltr'>viro</span> <span class='ocrx_word' id='word_1_295' title='bbox 1594 3010 1720 3075; x_wconf 85' lang='lat' dir='ltr'>eousque</span> <span class='ocrx_word' id='word_1_296' title='bbox 1739 2994 1838 3079; x_wconf 87' lang='lat' dir='ltr'>ipsam</span> <span class='ocrx_word' id='word_1_297' title='bbox 1854 2996 1986 3063; x_wconf 86' lang='lat' dir='ltr'>derelin-</span> 
     </span>
     <span class='ocr_line' id='line_1_32' title="bbox 622 3068 1986 3215; baseline 0.007 -80"><span class='ocrx_word' id='word_1_298' title='bbox 622 3069 751 3158; x_wconf 88' lang='lat' dir='ltr'>quendo.</span> <span class='ocrx_word' id='word_1_299' title='bbox 792 3068 839 3135; x_wconf 92' lang='lat' dir='ltr'>Ut</span> <span class='ocrx_word' id='word_1_300' title='bbox 855 3078 973 3131; x_wconf 84' lang='lat' dir='ltr'>coetera</span> <span class='ocrx_word' id='word_1_301' title='bbox 990 3068 1062 3131; x_wconf 87' lang='lat' dir='ltr'>loca</span> <span class='ocrx_word' id='word_1_302' title='bbox 1076 3070 1238 3140; x_wconf 85' lang='lat' dir='ltr'>omittam,</span> <span class='ocrx_word' id='word_1_303' title='bbox 1267 3070 1437 3151; x_wconf 82' lang='lat' dir='ltr'>exquibus</span> <span class='ocrx_word' id='word_1_304' title='bbox 1456 3070 1588 3215; x_wconf 53' lang='lat' dir='ltr'>pseudo·</span> <span class='ocrx_word' id='word_1_305' title='bbox 1599 3072 1733 3157; x_wconf 81' lang='lat' dir='ltr'>lfidorut</span> <span class='ocrx_word' id='word_1_306' title='bbox 1749 3078 1781 3139; x_wconf 92' lang='lat' dir='ltr'>in</span> <span class='ocrx_word' id='word_1_307' title='bbox 1793 3096 1859 3142; x_wconf 87' lang='lat' dir='ltr'>cau.</span> <span class='ocrx_word' id='word_1_308' title='bbox 1874 3098 1922 3146; x_wconf 87' lang='lat'>11.</span> <span class='ocrx_word' id='word_1_309' title='bbox 1943 3077 1986 3145; x_wconf 69' lang='grc' dir='ltr'>δ’</span> 
     </span>
    </p>
   </div>
   <div class='ocr_carea' id='block_1_17' title="bbox 478 3137 1988 3303">
    <p class='ocr_par' dir='ltr' id='par_1_17' title="bbox 478 3137 1988 3303">
     <span class='ocr_line' id='line_1_33' title="bbox 478 3137 1988 3301; baseline 0.011 -90"><span class='ocrx_word' id='word_1_310' title='bbox 478 3137 486 3166; x_wconf 85' lang='lat'>⁸</span> <span class='ocrx_word' id='word_1_311' title='bbox 585 3178 592 3193; x_wconf 91' lang='lat'><strong>·</strong></span> <span class='ocrx_word' id='word_1_312' title='bbox 622 3172 677 3238; x_wconf 83' lang='lat'>39.</span> <span class='ocrx_word' id='word_1_313' title='bbox 695 3150 772 3217; x_wconf 84' lang='lat' dir='ltr'>VII.</span> <span class='ocrx_word' id='word_1_314' title='bbox 785 3172 815 3235; x_wconf 87' lang='lat' dir='ltr'>q.</span> <span class='ocrx_word' id='word_1_315' title='bbox 828 3170 855 3215; x_wconf 92' lang='lat'>1.</span> <span class='ocrx_word' id='word_1_316' title='bbox 870 3150 923 3213; x_wconf 85' lang='lat' dir='ltr'>iub</span> <span class='ocrx_word' id='word_1_317' title='bbox 935 3152 1116 3215; x_wconf 82' lang='lat' dir='ltr'>nominibus</span> <span class='ocrx_word' id='word_1_318' title='bbox 1128 3150 1284 3234; x_wconf 60' lang='lat' dir='ltr'>Enormi,</span> <span class='ocrx_word' id='word_1_319' title='bbox 1299 3148 1334 3214; x_wconf 71' lang='lat' dir='ltr'>dc</span> <span class='ocrx_word' id='word_1_320' title='bbox 1350 3152 1462 3237; x_wconf 80' lang='lat' dir='ltr'>Callisti</span> <span class='ocrx_word' id='word_1_321' title='bbox 1490 3202 1497 3218; x_wconf 94' lang='lat'>.</span> <span class='ocrx_word' id='word_1_322' title='bbox 1514 3152 1607 3301; x_wconf 69' lang='lat' dir='ltr'>Paqq.</span> <span class='ocrx_word' id='word_1_323' title='bbox 1622 3160 1810 3223; x_wconf 87' lang='lat' dir='ltr'>commentis</span> <span class='ocrx_word' id='word_1_324' title='bbox 1825 3159 1934 3233; x_wconf 82' lang='lat' dir='ltr'>facile,</span> <span class='ocrx_word' id='word_1_325' title='bbox 1950 3160 1988 3227; x_wconf 74' lang='grc' dir='ltr'>ὅτ</span> 
     </span>
     <span class='ocr_line' id='line_1_34' title="bbox 1587 3256 1615 3303; baseline 0.071 -2"><span class='ocrx_word' id='word_1_326' title='bbox 1587 3256 1615 3303; x_wconf 88' lang='lat' dir='ltr'>cc</span> 
     </span>
    </p>
   </div>
   <div class='ocr_carea' id='block_1_18' title="bbox 623 3232 1541 3321">
    <p class='ocr_par' dir='ltr' id='par_1_18' title="bbox 623 3232 1541 3321">
     <span class='ocr_line' id='line_1_35' title="bbox 623 3232 1541 3321; baseline -0.001 -20"><span class='ocrx_word' id='word_1_327' title='bbox 623 3240 743 3318; x_wconf 83' lang='lat' dir='ltr'>absque</span> <span class='ocrx_word' id='word_1_328' title='bbox 758 3235 906 3321; x_wconf 79' lang='lat' dir='ltr'>novitate</span> <span class='ocrx_word' id='word_1_329' title='bbox 918 3232 1059 3321; x_wconf 85' lang='lat' dir='ltr'>accipere</span> <span class='ocrx_word' id='word_1_330' title='bbox 1075 3234 1186 3319; x_wconf 88' lang='lat' dir='ltr'>potuit</span> <span class='ocrx_word' id='word_1_331' title='bbox 1204 3232 1386 3317; x_wconf 82' lang='lat' dir='ltr'>parabolam</span> <span class='ocrx_word' id='word_1_332' title='bbox 1401 3232 1486 3301; x_wconf 82' lang='lat' dir='ltr'>suam</span> <span class='ocrx_word' id='word_1_333' title='bbox 1503 3234 1541 3300; x_wconf 86' lang='lat' dir='ltr'>de</span> 
     </span>
    </p>
   </div>
   <div class='ocr_carea' id='block_1_19' title="bbox 622 3238 1986 3385">
    <p class='ocr_par' dir='ltr' id='par_1_19' title="bbox 622 3238 1986 3385">
     <span class='ocr_line' id='line_1_36' title="bbox 622 3238 1986 3385; baseline -0.001 -62"><span class='ocrx_word' id='word_1_334' title='bbox 622 3316 783 3385; x_wconf 55' lang='lat' dir='ltr'>&amp;mn</span> <span class='ocrx_word' id='word_1_335' title='bbox 1615 3238 1986 3330; x_wconf 64' lang='lat' dir='ltr'>lestrssn‘swrisrusn</span> 
     </span>
    </p>
   </div>
   <div class='ocr_carea' id='block_1_20' title="bbox 549 3454 1985 3557">
    <p class='ocr_par' dir='ltr' id='par_1_20' title="bbox 549 3454 1985 3557">
     <span class='ocr_line' id='line_1_37' title="bbox 549 3454 1985 3557; baseline 0.002 -19"><span class='ocrx_word' id='word_1_336' title='bbox 549 3474 582 3513; x_wconf 85' lang='lat'><strong>”</strong></span> <span class='ocrx_word' id='word_1_337' title='bbox 604 3470 726 3539; x_wconf 85' lang='lat' dir='ltr'>Nullibi</span> <span class='ocrx_word' id='word_1_338' title='bbox 743 3489 783 3534; x_wconf 82' lang='lat' dir='ltr'>ex</span> <span class='ocrx_word' id='word_1_339' title='bbox 795 3464 883 3551; x_wconf 77' lang='lat' dir='ltr'>conju</span> <span class='ocrx_word' id='word_1_340' title='bbox 907 3464 1111 3551; x_wconf 83' lang='lat' dir='ltr'>inspirituali</span> <span class='ocrx_word' id='word_1_341' title='bbox 1125 3466 1234 3533; x_wconf 89' lang='lat' dir='ltr'>intulit</span> <span class='ocrx_word' id='word_1_342' title='bbox 1250 3454 1647 3557; x_wconf 62' lang='lat' dir='ltr'>antiquitas&#39;ptaec&#39;eptom,</span> <span class='ocrx_word' id='word_1_343' title='bbox 1672 3489 1713 3536; x_wconf 88' lang='lat' dir='ltr'>ne</span> <span class='ocrx_word' id='word_1_344' title='bbox 1730 3492 1865 3555; x_wconf 81' lang='lat' dir='ltr'>unquam</span> <span class='ocrx_word' id='word_1_345' title='bbox 1883 3474 1985 3541; x_wconf 56' lang='lat' dir='ltr'>Ecclu</span> 
     </span>
    </p>
   </div>
   <div class='ocr_carea' id='block_1_21' title="bbox 499 3872 740 3963">
    <p class='ocr_par' dir='ltr' id='par_1_21' title="bbox 499 3872 740 3963">
     <span class='ocr_line' id='line_1_38' title="bbox 499 3872 740 3963; baseline -0.025 -18"><span class='ocrx_word' id='word_1_346' title='bbox 499 3954 503 3963; x_wconf 34' lang='lat'>¹</span> <span class='ocrx_word' id='word_1_347' title='bbox 534 3872 541 3894; x_wconf 70' lang='lat'><strong>⁴</strong></span> <span class='ocrx_word' id='word_1_348' title='bbox 619 3878 656 3945; x_wconf 87' lang='lat'>&amp;</span> <span class='ocrx_word' id='word_1_349' title='bbox 672 3879 740 3943; x_wconf 85' lang='lat' dir='ltr'>aliis</span> 
     </span>
    </p>
   </div>
   <div class='ocr_carea' id='block_1_22' title="bbox 612 3548 2056 4453">
    <p class='ocr_par' dir='ltr' id='par_1_22' title="bbox 612 3548 2056 4453">
     <span class='ocr_line' id='line_1_39' title="bbox 614 3548 1985 3640; baseline 0.005 -23"><span class='ocrx_word' id='word_1_350' title='bbox 614 3554 665 3639; x_wconf 79' lang='lat' dir='ltr'>fia</span> <span class='ocrx_word' id='word_1_351' title='bbox 687 3549 869 3616; x_wconf 79' lang='lat' dir='ltr'>transferret</span> <span class='ocrx_word' id='word_1_352' title='bbox 921 3548 1098 3631; x_wconf 83' lang='lat' dir='ltr'>piscopuun,</span> <span class='ocrx_word' id='word_1_353' title='bbox 1128 3552 1232 3613; x_wconf 85' lang='lat' dir='ltr'>multo</span> <span class='ocrx_word' id='word_1_354' title='bbox 1246 3553 1369 3627; x_wconf 89' lang='lat' dir='ltr'>minus,</span> <span class='ocrx_word' id='word_1_355' title='bbox 1394 3556 1478 3636; x_wconf 91' lang='lat' dir='ltr'>quod</span> <span class='ocrx_word' id='word_1_356' title='bbox 1498 3556 1730 3618; x_wconf 84' lang='lat' dir='ltr'>matrimonium</span> <span class='ocrx_word' id='word_1_357' title='bbox 1745 3556 1891 3640; x_wconf 78' lang='lat' dir='ltr'>Episcopi</span> <span class='ocrx_word' id='word_1_358' title='bbox 1910 3578 1985 3624; x_wconf 86' lang='lat' dir='ltr'>cum</span> 
     </span>
     <span class='ocr_line' id='line_1_40' title="bbox 619 3628 2011 3717; baseline -0.002 -16"><span class='ocrx_word' id='word_1_359' title='bbox 619 3636 674 3701; x_wconf 78' lang='lat' dir='ltr'>sua</span> <span class='ocrx_word' id='word_1_360' title='bbox 687 3631 813 3699; x_wconf 85' lang='lat' dir='ltr'>ecclelia</span> <span class='ocrx_word' id='word_1_361' title='bbox 827 3648 892 3693; x_wconf 91' lang='lat' dir='ltr'>non</span> <span class='ocrx_word' id='word_1_362' title='bbox 907 3628 981 3694; x_wconf 87' lang='lat' dir='ltr'>esset</span> <span class='ocrx_word' id='word_1_363' title='bbox 993 3628 1172 3695; x_wconf 78' lang='lat' dir='ltr'>humanitus</span> <span class='ocrx_word' id='word_1_364' title='bbox 1180 3630 1326 3715; x_wconf 80' lang='lat' dir='ltr'>sairebile:</span> <span class='ocrx_word' id='word_1_365' title='bbox 1357 3652 1422 3697; x_wconf 91' lang='lat' dir='ltr'>non</span> <span class='ocrx_word' id='word_1_366' title='bbox 1439 3654 1474 3699; x_wconf 87' lang='lat' dir='ltr'>ea</span> <span class='ocrx_word' id='word_1_367' title='bbox 1489 3636 1533 3699; x_wconf 80' lang='lat' dir='ltr'>est</span> <span class='ocrx_word' id='word_1_368' title='bbox 1551 3640 1602 3701; x_wconf 77' lang='lat' dir='ltr'>vis</span> <span class='ocrx_word' id='word_1_369' title='bbox 1621 3640 1853 3717; x_wconf 83' lang='lat' dir='ltr'>allegoricarum</span> <span class='ocrx_word' id='word_1_370' title='bbox 1872 3640 1910 3700; x_wconf 88' lang='lat' dir='ltr'>ad</span> <span class='ocrx_word' id='word_1_371' title='bbox 1928 3640 1982 3717; x_wconf 81' lang='lat' dir='ltr'>juo</span> <span class='ocrx_word' id='word_1_372' title='bbox 2008 3689 2011 3698; x_wconf 91' lang='lat'>.</span> 
     </span>
     <span class='ocr_line' id='line_1_41' title="bbox 619 3714 1982 3801; baseline 0.004 -21"><span class='ocrx_word' id='word_1_373' title='bbox 619 3716 705 3780; x_wconf 86' lang='lat' dir='ltr'>aliud</span> <span class='ocrx_word' id='word_1_374' title='bbox 721 3714 863 3779; x_wconf 85' lang='lat' dir='ltr'>divinum</span> <span class='ocrx_word' id='word_1_375' title='bbox 881 3714 1076 3796; x_wconf 81' lang='lat' dir='ltr'>allufionum,</span> <span class='ocrx_word' id='word_1_376' title='bbox 1105 3724 1143 3775; x_wconf 89' lang='lat' dir='ltr'>ut</span> <span class='ocrx_word' id='word_1_377' title='bbox 1162 3714 1256 3776; x_wconf 83' lang='lat' dir='ltr'>exiis</span> <span class='ocrx_word' id='word_1_378' title='bbox 1276 3734 1355 3778; x_wconf 85' lang='lat' dir='ltr'>mox</span> <span class='ocrx_word' id='word_1_379' title='bbox 1368 3716 1533 3781; x_wconf 90' lang='lat' dir='ltr'>inducatur</span> <span class='ocrx_word' id='word_1_380' title='bbox 1546 3719 1602 3801; x_wconf 84' lang='lat' dir='ltr'>jur</span> <span class='ocrx_word' id='word_1_381' title='bbox 1614 3718 1770 3789; x_wconf 84' lang='lat' dir='ltr'>diuinum,</span> <span class='ocrx_word' id='word_1_382' title='bbox 1803 3720 1884 3783; x_wconf 88' lang='lat' dir='ltr'>circa</span> <span class='ocrx_word' id='word_1_383' title='bbox 1904 3740 1982 3796; x_wconf 87' lang='lat' dir='ltr'>rem,</span> 
     </span>
     <span class='ocr_line' id='line_1_42' title="bbox 619 3794 2056 3939; baseline 0.003 -78"><span class='ocrx_word' id='word_1_384' title='bbox 619 3800 672 3861; x_wconf 88' lang='lat' dir='ltr'>cui</span> <span class='ocrx_word' id='word_1_385' title='bbox 690 3794 731 3861; x_wconf 87' lang='lat' dir='ltr'>fic</span> <span class='ocrx_word' id='word_1_386' title='bbox 743 3796 933 3939; x_wconf 75' lang='lat' dir='ltr'>aqplicttute</span> <span class='ocrx_word' id='word_1_387' title='bbox 957 3795 1139 3858; x_wconf 65' lang='lat' dir='ltr'>idolotitum-⁴</span> <span class='ocrx_word' id='word_1_388' title='bbox 1163 3796 1240 3876; x_wconf 87' lang='lat' dir='ltr'>Arg.</span> <span class='ocrx_word' id='word_1_389' title='bbox 1253 3814 1319 3881; x_wconf 80' lang='lat' dir='ltr'>rap.</span> <span class='ocrx_word' id='word_1_390' title='bbox 1331 3814 1382 3880; x_wconf 81' lang='lat'>27.</span> <span class='ocrx_word' id='word_1_391' title='bbox 1399 3798 1518 3863; x_wconf 71' lang='lat' dir='ltr'>deelefi‘.</span> <span class='ocrx_word' id='word_1_392' title='bbox 1533 3800 1801 3883; x_wconf 79' lang='lat' dir='ltr'>eap.13.quifil.,</span> <span class='ocrx_word' id='word_1_393' title='bbox 1824 3802 1982 3885; x_wconf 78' lang='lat' dir='ltr'>inquibus</span> <span class='ocrx_word' id='word_1_394' title='bbox 2049 3850 2056 3859; x_wconf 59' lang='grc'>,</span> 
     </span>
     <span class='ocr_line' id='line_1_43' title="bbox 778 3874 1983 3963; baseline 0.007 -25"><span class='ocrx_word' id='word_1_395' title='bbox 778 3896 871 3940; x_wconf 88' lang='lat' dir='ltr'>nnoc.</span> <span class='ocrx_word' id='word_1_396' title='bbox 887 3874 946 3939; x_wconf 88' lang='lat' dir='ltr'>lll.</span> <span class='ocrx_word' id='word_1_397' title='bbox 966 3874 1018 3957; x_wconf 84' lang='lat' dir='ltr'>jus</span> <span class='ocrx_word' id='word_1_398' title='bbox 1035 3876 1179 3939; x_wconf 88' lang='lat' dir='ltr'>divinum</span> <span class='ocrx_word' id='word_1_399' title='bbox 1194 3876 1233 3939; x_wconf 87' lang='lat' dir='ltr'>de</span> <span class='ocrx_word' id='word_1_400' title='bbox 1251 3898 1310 3939; x_wconf 87' lang='lat' dir='ltr'>ana</span> <span class='ocrx_word' id='word_1_401' title='bbox 1328 3897 1362 3939; x_wconf 86' lang='lat' dir='ltr'>re</span> <span class='ocrx_word' id='word_1_402' title='bbox 1378 3882 1497 3943; x_wconf 87' lang='lat' dir='ltr'>amavit</span> <span class='ocrx_word' id='word_1_403' title='bbox 1512 3882 1667 3963; x_wconf 84' lang='lat' dir='ltr'>applicare</span> <span class='ocrx_word' id='word_1_404' title='bbox 1686 3879 1724 3941; x_wconf 85' lang='lat' dir='ltr'>nd</span> <span class='ocrx_word' id='word_1_405' title='bbox 1742 3882 1843 3947; x_wconf 87' lang='lat' dir='ltr'>aliam.</span> <span class='ocrx_word' id='word_1_406' title='bbox 1888 3884 1983 3947; x_wconf 80' lang='lat' dir='ltr'>Unda</span> 
     </span>
     <span class='ocr_line' id='line_1_44' title="bbox 618 3954 1982 4045; baseline 0.003 -21"><span class='ocrx_word' id='word_1_407' title='bbox 618 3954 853 4045; x_wconf 74' lang='lat' dir='ltr'>quoqueiussus</span> <span class='ocrx_word' id='word_1_408' title='bbox 867 3956 911 4019; x_wconf 85' lang='lat' dir='ltr'>est</span> <span class='ocrx_word' id='word_1_409' title='bbox 928 3954 960 4019; x_wconf 90' lang='lat' dir='ltr'>S.</span> <span class='ocrx_word' id='word_1_410' title='bbox 978 3956 1185 4039; x_wconf 81' lang='lat' dir='ltr'>Hieronymus</span> <span class='ocrx_word' id='word_1_411' title='bbox 1196 3960 1227 4021; x_wconf 91' lang='lat' dir='ltr'>in</span> <span class='ocrx_word' id='word_1_412' title='bbox 1242 3958 1327 4039; x_wconf 87' lang='lat' dir='ltr'>epist.</span> <span class='ocrx_word' id='word_1_413' title='bbox 1335 3978 1386 4041; x_wconf 87' lang='lat'>50.</span> <span class='ocrx_word' id='word_1_414' title='bbox 1400 3958 1438 4023; x_wconf 83' lang='lat' dir='ltr'>ad</span> <span class='ocrx_word' id='word_1_415' title='bbox 1455 3960 1613 4037; x_wconf 82' lang='lat' dir='ltr'>Oceanum,</span> <span class='ocrx_word' id='word_1_416' title='bbox 1628 3962 1666 4023; x_wconf 89' lang='lat' dir='ltr'>de</span> <span class='ocrx_word' id='word_1_417' title='bbox 1676 3964 1768 4024; x_wconf 86' lang='lat' dir='ltr'>unius</span> <span class='ocrx_word' id='word_1_418' title='bbox 1778 3967 1889 4027; x_wconf 86' lang='lat' dir='ltr'>rexorir</span> <span class='ocrx_word' id='word_1_419' title='bbox 1899 3968 1982 4042; x_wconf 85' lang='lat' dir='ltr'>uiro,</span> 
     </span>
     <span class='ocr_line' id='line_1_45' title="bbox 616 4034 1982 4129; baseline 0.003 -22"><span class='ocrx_word' id='word_1_420' title='bbox 616 4060 684 4108; x_wconf 83' lang='lat' dir='ltr'>non</span> <span class='ocrx_word' id='word_1_421' title='bbox 697 4040 827 4105; x_wconf 86' lang='lat' dir='ltr'>multam</span> <span class='ocrx_word' id='word_1_422' title='bbox 844 4038 910 4101; x_wconf 87' lang='lat' dir='ltr'>vitn</span> <span class='ocrx_word' id='word_1_423' title='bbox 926 4034 1020 4101; x_wconf 81' lang='lat' dir='ltr'>inesse</span> <span class='ocrx_word' id='word_1_424' title='bbox 1032 4040 1239 4119; x_wconf 83' lang='lat' dir='ltr'>explicationi</span> <span class='ocrx_word' id='word_1_425' title='bbox 1256 4058 1387 4109; x_wconf 83' lang='lat' dir='ltr'>eorum.</span> <span class='ocrx_word' id='word_1_426' title='bbox 1414 4043 1467 4122; x_wconf 90' lang='lat' dir='ltr'>qui</span> <span class='ocrx_word' id='word_1_427' title='bbox 1491 4043 1637 4126; x_wconf 84' lang='lat' dir='ltr'>Apostoli</span> <span class='ocrx_word' id='word_1_428' title='bbox 1657 4045 1770 4107; x_wconf 69' lang='lat' dir='ltr'>verba&lt;</span> <span class='ocrx_word' id='word_1_429' title='bbox 1809 4044 1982 4129; x_wconf 78' lang='lat' dir='ltr'>Episcopus</span> 
     </span>
     <span class='ocr_line' id='line_1_46' title="bbox 612 4118 1982 4211; baseline 0.006 -24"><span class='ocrx_word' id='word_1_430' title='bbox 612 4124 655 4209; x_wconf 72' lang='lat' dir='ltr'>fit</span> <span class='ocrx_word' id='word_1_431' title='bbox 666 4126 759 4187; x_wconf 80' lang='lat' dir='ltr'>unius</span> <span class='ocrx_word' id='word_1_432' title='bbox 770 4122 881 4185; x_wconf 83' lang='lat' dir='ltr'>uxoris</span> <span class='ocrx_word' id='word_1_433' title='bbox 892 4120 961 4192; x_wconf 86' lang='lat' dir='ltr'>uir,</span> <span class='ocrx_word' id='word_1_434' title='bbox 988 4118 1162 4185; x_wconf 74' lang='lat' dir='ltr'>deflectunt</span> <span class='ocrx_word' id='word_1_435' title='bbox 1176 4121 1214 4182; x_wconf 86' lang='lat' dir='ltr'>od</span> <span class='ocrx_word' id='word_1_436' title='bbox 1231 4120 1405 4197; x_wconf 79' lang='lat' dir='ltr'>ecclefiam,</span> <span class='ocrx_word' id='word_1_437' title='bbox 1426 4122 1519 4189; x_wconf 83' lang='lat' dir='ltr'>velut</span> <span class='ocrx_word' id='word_1_438' title='bbox 1529 4126 1667 4209; x_wconf 85' lang='lat' dir='ltr'>episcopi</span> <span class='ocrx_word' id='word_1_439' title='bbox 1681 4144 1837 4193; x_wconf 80' lang='lat' dir='ltr'>uxorem:</span> <span class='ocrx_word' id='word_1_440' title='bbox 1867 4130 1982 4211; x_wconf 78' lang='lat' dir='ltr'>Accipe</span> 
     </span>
     <span class='ocr_line' id='line_1_47' title="bbox 617 4200 1984 4291; baseline 0.001 -20"><span class='ocrx_word' id='word_1_441' title='bbox 617 4204 659 4272; x_wconf 67' lang='lat' dir='ltr'>fid</span> <span class='ocrx_word' id='word_1_442' title='bbox 671 4208 763 4269; x_wconf 87' lang='lat' dir='ltr'>aliam</span> <span class='ocrx_word' id='word_1_443' title='bbox 775 4202 1034 4285; x_wconf 69' lang='lat' dir='ltr'>explanationem,</span> <span class='ocrx_word' id='word_1_444' title='bbox 1054 4222 1090 4265; x_wconf 88' lang='lat' dir='ltr'>ne</span> <span class='ocrx_word' id='word_1_445' title='bbox 1101 4200 1337 4283; x_wconf 79' lang='lat' dir='ltr'>tibisoliliceat,</span> <span class='ocrx_word' id='word_1_446' title='bbox 1355 4222 1417 4267; x_wconf 86' lang='lat' dir='ltr'>non</span> <span class='ocrx_word' id='word_1_447' title='bbox 1434 4206 1617 4271; x_wconf 85' lang='lat' dir='ltr'>uoluntatem</span> <span class='ocrx_word' id='word_1_448' title='bbox 1630 4210 1709 4291; x_wconf 78' lang='lat' dir='ltr'>tegi,</span> <span class='ocrx_word' id='word_1_449' title='bbox 1723 4208 1781 4291; x_wconf 75' lang='lat' dir='ltr'>sed</span> <span class='ocrx_word' id='word_1_450' title='bbox 1799 4210 1891 4289; x_wconf 77' lang='lat' dir='ltr'>legem</span> <span class='ocrx_word' id='word_1_451' title='bbox 1901 4210 1984 4290; x_wconf 85' lang='lat' dir='ltr'>jun·</span> 
     </span>
     <span class='ocr_line' id='line_1_48' title="bbox 615 4281 1981 4373; baseline 0.004 -24"><span class='ocrx_word' id='word_1_452' title='bbox 615 4306 689 4371; x_wconf 79' lang='lat' dir='ltr'>gere</span> <span class='ocrx_word' id='word_1_453' title='bbox 701 4287 870 4349; x_wconf 83' lang='lat' dir='ltr'>uoluntati:</span> <span class='ocrx_word' id='word_1_454' title='bbox 897 4281 1029 4363; x_wconf 77' lang='lat' dir='ltr'>Quidam</span> <span class='ocrx_word' id='word_1_455' title='bbox 1043 4285 1154 4347; x_wconf 63' lang='lat' dir='ltr'>confite</span> <span class='ocrx_word' id='word_1_456' title='bbox 1166 4286 1425 4365; x_wconf 79' lang='lat' dir='ltr'>interpretantur,</span> <span class='ocrx_word' id='word_1_457' title='bbox 1443 4306 1563 4352; x_wconf 86' lang='lat' dir='ltr'>uxores</span> <span class='ocrx_word' id='word_1_458' title='bbox 1580 4310 1639 4373; x_wconf 89' lang='lat' dir='ltr'>pro</span> <span class='ocrx_word' id='word_1_459' title='bbox 1651 4288 1798 4357; x_wconf 85' lang='lat' dir='ltr'>eccleiiis,</span> <span class='ocrx_word' id='word_1_460' title='bbox 1816 4291 1906 4353; x_wconf 79' lang='lat' dir='ltr'>viros</span> <span class='ocrx_word' id='word_1_461' title='bbox 1919 4310 1981 4373; x_wconf 88' lang='lat' dir='ltr'>pro</span> 
     </span>
     <span class='ocr_line' id='line_1_49' title="bbox 617 4362 1982 4453; baseline 0.003 -22"><span class='ocrx_word' id='word_1_462' title='bbox 617 4367 790 4451; x_wconf 86' lang='lat' dir='ltr'>episcopis,</span> <span class='ocrx_word' id='word_1_463' title='bbox 820 4362 923 4428; x_wconf 84' lang='lat' dir='ltr'>debere</span> <span class='ocrx_word' id='word_1_464' title='bbox 935 4364 1030 4445; x_wconf 81' lang='lat' dir='ltr'>accipi</span> <span class='ocrx_word' id='word_1_465' title='bbox 1039 4406 1047 4435; x_wconf 92' lang='lat'>,</span> <span class='ocrx_word' id='word_1_466' title='bbox 1073 4362 1112 4427; x_wconf 66' lang='lat' dir='ltr'>a?</span> <span class='ocrx_word' id='word_1_467' title='bbox 1126 4364 1179 4427; x_wconf 83' lang='lat' dir='ltr'>lior</span> <span class='ocrx_word' id='word_1_468' title='bbox 1192 4366 1225 4425; x_wconf 93' lang='lat' dir='ltr'>in</span> <span class='ocrx_word' id='word_1_469' title='bbox 1246 4364 1371 4430; x_wconf 72' lang='lat' dir='ltr'>niceno</span> <span class='ocrx_word' id='word_1_470' title='bbox 1389 4388 1505 4451; x_wconf 85' lang='lat' dir='ltr'>qnoque</span> <span class='ocrx_word' id='word_1_471' title='bbox 1521 4368 1677 4451; x_wconf 77' lang='lat' dir='ltr'>Synodaa</span> <span class='ocrx_word' id='word_1_472' title='bbox 1693 4370 1836 4433; x_wconf 80' lang='lat' dir='ltr'>Patribus</span> <span class='ocrx_word' id='word_1_473' title='bbox 1856 4366 1910 4453; x_wconf 84' lang='lat' dir='ltr'>effe</span> <span class='ocrx_word' id='word_1_474' title='bbox 1927 4372 1982 4436; x_wconf 88' lang='lat' dir='ltr'>de·</span> 
     </span>
    </p>
   </div>
   <div class='ocr_carea' id='block_1_23' title="bbox 434 4444 1979 4535">
    <p class='ocr_par' dir='ltr' id='par_1_23' title="bbox 434 4444 1979 4535">
     <span class='ocr_line' id='line_1_50' title="bbox 434 4444 1979 4535; baseline 0.002 -23"><span class='ocrx_word' id='word_1_475' title='bbox 434 4476 441 4485; x_wconf 95' lang='lat'>·</span> <span class='ocrx_word' id='word_1_476' title='bbox 484 4478 489 4494; x_wconf 74' lang='lat'>=</span> <span class='ocrx_word' id='word_1_477' title='bbox 616 4460 747 4518; x_wconf 87' lang='lat' dir='ltr'>cretum,</span> <span class='ocrx_word' id='word_1_478' title='bbox 768 4446 923 4509; x_wconf 86' lang='lat' dir='ltr'>rredcalia</span> <span class='ocrx_word' id='word_1_479' title='bbox 936 4445 977 4507; x_wconf 86' lang='lat' dir='ltr'>ad</span> <span class='ocrx_word' id='word_1_480' title='bbox 990 4444 1234 4527; x_wconf 75' lang='lat' dir='ltr'>aliamecrlefiam</span> <span class='ocrx_word' id='word_1_481' title='bbox 1248 4444 1416 4531; x_wconf 73' lang='lat' dir='ltr'>Episcopus</span> <span class='ocrx_word' id='word_1_482' title='bbox 1427 4451 1650 4535; x_wconf 77' lang='lat' dir='ltr'>transferatur,</span> <span class='ocrx_word' id='word_1_483' title='bbox 1665 4453 1884 4534; x_wconf 81' lang='lat' dir='ltr'>ue,·oirginali</span> <span class='ocrx_word' id='word_1_484' title='bbox 1896 4472 1979 4532; x_wconf 77' lang='lat' dir='ltr'>pau-</span> 
     </span>
    </p>
   </div>
   <div class='ocr_carea' id='block_1_24' title="bbox 613 4526 2034 4645">
    <p class='ocr_par' dir='ltr' id='par_1_24' title="bbox 613 4526 2034 4645">
     <span class='ocr_line' id='line_1_51' title="bbox 613 4526 2034 4645; baseline 0.004 -48"><span class='ocrx_word' id='word_1_485' title='bbox 613 4532 743 4615; x_wconf 75' lang='lat' dir='ltr'>perculo</span> <span class='ocrx_word' id='word_1_486' title='bbox 752 4526 896 4645; x_wconf 78' lang='lat' dir='ltr'>socictate</span> <span class='ocrx_word' id='word_1_487' title='bbox 913 4533 1096 4613; x_wconf 81' lang='lat' dir='ltr'>contempta,</span> <span class='ocrx_word' id='word_1_488' title='bbox 1118 4526 1244 4641; x_wconf 65' lang='lat' dir='ltr'>ditioris</span> <span class='ocrx_word' id='word_1_489' title='bbox 1259 4528 1405 4603; x_wconf 61' lang='lat' dir='ltr'>Mutua</span> <span class='ocrx_word' id='word_1_490' title='bbox 1414 4544 1534 4618; x_wconf 80' lang='lat' dir='ltr'>querar</span> <span class='ocrx_word' id='word_1_491' title='bbox 1545 4538 1742 4623; x_wconf 71' lang='lat' dir='ltr'>amplexu..</span> <span class='ocrx_word' id='word_1_492' title='bbox 1756 4578 1767 4602; x_wconf 87' lang='grc'><strong>.</strong></span> <span class='ocrx_word' id='word_1_493' title='bbox 1781 4580 1813 4604; x_wconf 90' lang='grc'>..</span> <span class='ocrx_word' id='word_1_494' title='bbox 1837 4536 1981 4605; x_wconf 75' lang='lat' dir='ltr'>lliotenro</span> <span class='ocrx_word' id='word_1_495' title='bbox 2025 4526 2034 4539; x_wconf 87' lang='lat'><em>&#39;</em></span> 
     </span>
    </p>
   </div>
   <div class='ocr_carea' id='block_1_25' title="bbox 1925 4618 1980 4703">
    <p class='ocr_par' dir='ltr' id='par_1_25' title="bbox 1925 4618 1980 4703">
     <span class='ocr_line' id='line_1_52' title="bbox 1925 4618 1980 4703; baseline -0.145 0"><span class='ocrx_word' id='word_1_496' title='bbox 1925 4618 1980 4703; x_wconf 78' lang='lat' dir='ltr'>est,</span> 
     </span>
    </p>
   </div>
   <div class='ocr_carea' id='block_1_26' title="bbox 0 0 2260 5550">
    <p class='ocr_par' dir='ltr' id='par_1_26' title="bbox 0 0 2260 5550">
     <span class='ocr_line' id='line_1_53' title="bbox 0 0 2260 5550; baseline 0 5"><span class='ocrx_word' id='word_1_497' title='bbox 0 0 2260 5550; x_wconf 95' lang='lat' dir='ltr'> </span> 
     </span>
    </p>
   </div>
  </div>
 </body>
</html>
