4509 5550
547 569 618 646 ur
658 567 787 665 June
824 553 1081 708 caurum·
1100 529 1503 692 uacantium
1625 578 1672 603 =¹
1690 603 1762 690 2⁷5
1811 531 1818 542 ’

207 765 208 798 ³
294 757 404 828 latiam
417 749 643 852 dependentes
658 751 744 824 sede
761 749 962 840 Moguntina
977 767 1112 831 vacante
1126 773 1296 845 nunquam
1314 751 1397 823 olim
1411 751 1680 844 vindicabuntur,
1699 787 1761 840 nee

294 854 490 928 vindicentur
507 851 608 921 hodie
622 848 661 919 nb
677 850 741 948 alio
756 846 930 928 Meliore,
956 849 1000 918 ita
1014 871 1251 944 nomapparet,
1276 873 1344 945 quo
1364 849 1441 943 jure
1457 854 1531 946 quis
1550 859 1647 929 unice
1663 862 1761 935 Dira.

212 996 217 1007 ·
292 947 424 1024 limium
438 953 472 1020 in
488 949 643 1019 comitiis
658 947 822 1044 ntcupate
836 945 916 1018 velit
932 967 988 1018 aut
1001 940 1098 1045 poffit
1111 945 1236 1020 Archi·
1246 945 1489 1028 eanccllnirtu
1506 977 1567 1028 nec
1583 976 1672 1044 toto,
1698 983 1760 1038 nec

212 1094 217 1107 ·
294 1048 352 1122 ulla
364 1048 426 1120 alie
440 1045 512 1144 ejus
526 1069 623 1144 perte
639 1047 674 1118 in
687 1043 720 1121 se
735 1042 904 1120 translata.
1061 1079 1065 1086 ·
1164 1051 1178 1096 ⁶
1773 1037 1781 1046 ’

905 1245 936 1336 §.
984 1227 1136 1318 x'xxl.
1200 1315 1212 1326 .

217 1462 221 1485 Ι
393 1371 535 1448 Accedit
555 1373 646 1448 aliud
668 1395 900 1469 argumentum
950 1377 1068 1447 tritum
1088 1399 1127 1447 ex
1152 1377 1283 1448 tatione
1310 1371 1500 1453 officiorum
1521 1385 1680 1482 Imperii:
1720 1409 1771 1462 ee.

217 1516 223 1533 ·
293 1470 448 1566 quondam
466 1469 559 1544 fuisse
574 1473 810 1554 ambulatoria,
829 1499 896 1546 non
924 1473 1044 1544 amiliae
1061 1497 1118 1548 aut
1131 1475 1448 1560 territorio'annctta‚
1463 1481 1636 1574 progrellu
1647 1507 1762 1559 autem

218 1556 222 1653 ζ
294 1573 443 1662 temporis
461 1565 545 1652 futla
562 1565 623 1640 elie
640 1595 803 1668 perpetua
820 1572 853 1642 dt
871 1573 972 1644 certis
987 1559 1170 1643 Probinciis
1184 1569 1346 1668 adscripta
1362 1600 1415 1664 res
1429 1577 1512 1666 adeo
1528 1576 1679 1662 confecia
1701 1581 1758 1666 cst,
1852 1574 1855 1578 ⁵

205 1743 223 1796 ³·
292 1664 1761 1862 lilim‘iilliii‘liliiliilii‡{5·1m¹⁴iiili“i⁰‘³ll¹⁵'f⁰‘³“’illl

218 1830 223 1843 Ι
291 1813 383 1955 operi
399 1787 575 1932 dqefuniius
591 1861 653 1946 eil3
680 1865 803 1936 Archi·
815 1793 1072 1936 cancillariatus
1088 1790 1761 1959 ‹iitoquerstabiliicgctginbiioiblntoi:

205 2013 206 2022 ,
292 1958 433 2030 culorum
449 1957 508 2030 usu
524 1961 596 2030 'non
620 1965 808 2054 interrupto
832 1957 1220 2056 Archi-Episcopatibus
1240 1986 1381 2031 annexos
1400 1959 1463 2036 elle
1477 1967 1510 2034 in
1530 1963 1674 2038 confello
1694 1965 1764 2040 este.

292 2055 380 2126 Proin
392 2057 431 2130 id
446 2055 679 2154 consequitur,
697 2083 765 2140 eos,
787 2057 908 2154 quibus
923 2054 969 2130 est
983 2057 1036 2152 jus
1057 2059 1091 2126 in
1104 2061 1312 2128 territorium
1329 2057 1622 2134 administrandum
1639 2041 1759 2156 guber·
1907 2105 1911 2116 ·
2005 2068 2008 2076 ’

292 2152 510 2252 nardumque,
535 2154 662 2250 jurium
679 2175 879 2226 annexorum
897 2156 1100 2226 Exercitium
1117 2152 1175 2224 fibi
1191 2155 1359 2224 vindicare
1375 2153 1481 2250 polse,
1506 2158 1539 2230 dt
1563 2159 1607 2232 ste
1622 2163 1759 2258 Capitu-

292 2247 368 2332 lum,
393 2250 484 2348 quod
503 2253 586 2323 Sede
607 2273 742 2324 vacante
763 2250 992 2325 Elebloratum
1015 2251 1255 2343 Moguntinum
1277 2251 1457 2342 gubernat,
1489 2255 1524 2328 dt
1548 2257 1588 2327 ad
1611 2257 1758 2353 reliqu‘aa
1900 2309 1912 2322 ,

293 2348 411 2419 Archi·
428 2351 685 2442 Cancellariatus
714 2353 830 2427 annexi
850 2345 1039 2424 fundiiontt
1061 2349 1252 2444 praeptimia
1270 2349 1304 2416 in
1327 2354 1480 2421 comitiis
1502 2353 1704 2435 admittitur,
1737 2378 1758 2428 e
1787 2383 1794 2394 ’

292 2443 472 2518 Direbioiio
485 2445 608 2517 ibidem
625 2469 690 2517 non
705 2449 916 2529 excludetur,
936 2469 1011 2531 cum
1028 2469 1121 2540 atque
1136 2443 1274 2538 reliqute
1292 2439 1499 2530 fundioncs,
1520 2475 1556 2519 ac
1573 2447 1681 2548 ipsum
1697 2453 1759 2523 Di·
1872 2533 1876 2538 .

292 2539 461 2644 rederium
476 2543 516 2615 ab
530 2545 651 2620 Archi·
666 2543 906 2616 Cancellariatu
923 2536 1150 2639 dependeant,
1169 2541 1201 2609 dt
1215 2541 1310 2634 priua
1323 2539 1451 2615 ostendi
1464 2543 1600 2631 debeat,
1614 2571 1674 2621 cur
1690 2547 1757 2625 boe

293 2643 440 2717 necteris
456 2641 614 2742 Capitulo
627 2636 789 2742 permiffis
801 2637 934 2738 juribus
949 2659 1126 2738 exceptum
1140 2633 1338 2732 censendum
1358 2633 1409 2710 stt.
1525 2691 1534 2704 .
1826 2635 1833 2645 ‘

706 2908 712 2919 ,
796 2826 803 2839 ’
879 2876 911 2967 §-
959 2806 1136 2947 xxxti.
1224 2841 1229 2865 ¹

373 3020 705 3117 Exigent'genctalit
719 3022 994 3097 amniumrerum
1015 3020 1228 3120 publicarum
1247 3018 1414 3121 principia
1432 3018 1654 3119 equalitatem
1668 3021 1755 3095 inter

289 3139 356 3203 eas,
379 3124 434 3219 qui
450 3124 549 3193 unius
563 3122 755 3218 reipublice
768 3118 1030 3207 membrumue,
1055 3118 1114 3191 nist
1128 3118 1211 3216 julla
1226 3120 1460 3217 inaequalitatis
1476 3122 1561 3191 ratio
1602 3114 1755 3211 abiissent
1799 3120 1805 3129 ’

223 3225 227 3262 ³
285 3216 421 3309 Legibus
441 3216 744 3291 fundamentalibus
766 3219 983 3290 determinata
1004 3215 1125 3311 praello
1147 3215 1196 3287 stt.
1252 3218 1362 3287 Statua
1382 3214 1524 3313 Imperii
1546 3146 1601 3287 ati
1617 3242 1690 3290 eam
1713 3242 1758 3288 ae·

204 3321 225 3329 ”
283 3314 471 3409 qualitatem
489 3337 690 3413 provocant,
717 3340 857 3411 eamque
872 3317 960 3384 inter
973 3312 1005 3383 sc
1020 3310 1211 3385 servandam
1226 3335 1355 3405 urgent.
1385 3314 1423 3405 t)
1470 3314 1579 3405 igitur
1594 3316 1628 3384 in
1644 3318 1756 3411 Impe-

284 3414 330 3483 tio
355 3416 444 3487 inter
473 3418 583 3485 Status
614 3410 915 3485 Ecclesiasticus&
952 3406 1120 3482 seculares
1146 3413 1240 3505 petia
1269 3408 1468 3483 obtinebunt
1500 3409 1601 3505 juta,
1657 3408 1758 3481 &fi-
1903 3473 1909 3489 ,

226 3575 230 3596 ,
281 3530 332 3581 cut
365 3506 476 3581 officie
504 3508 748 3583 elelloratibue
777 3506 984 3581 secularibus
1023 3508 1223 3580 coherentia
1261 3534 1294 3579 v.
1329 3530 1364 3597 g.
1395 3507 1503 3583 Archi
1520 3504 1754 3578 -Marescltelo

204 3652 205 3679 t
260 3603 377 3700 ¹lama,
426 3628 483 3679 aut
524 3608 712 3679 Victriatus
751 3608 929 3678 Saxonicua
973 3628 1040 3675 non
1085 3627 1281 3677 exercentur
1327 3626 1407 3699 peti
1435 3603 1519 3682 aliea
1560 3600 1752 3698 Elellnreec

204 3766 205 3799 3
262 3702 342 3775 'Sed
387 3725 543 3799 tempore
590 3706 882 3793 minorennitatis,
940 3702 1119 3773 alteriusve
1161 3702 1392 3799 impedimenti
1438 3724 1514 3772 cum
1559 3698 1754 3772 Elefloratu
1902 3699 1906 3712 '

204 3802 205 3891 i
225 3822 226 3845 ¹
282 3794 421 3873 seculari
441 3803 637 3896 ceterisque
659 3804 790 3873 annexis
811 3798 941 3895 juribus
959 3824 1020 3895 per
1035 3802 1185 3871 Tutores
1200 3794 1488 3885 administrentur,
1523 3818 1600 3869 vora
1615 3820 1753 3893 quoque

283 3894 317 3968 rb
332 3898 384 3970 his
398 3920 579 3993 geruntur,
605 3921 642 3969 ut
657 3898 776 3971 docent
789 3892 1046 3992 subscriptiones
1065 3890 1259 3965 Recelluum
1276 3895 1418 3989 imperii
1432 3894 1521 3990 apud
1538 3898 1591 3967 Pr
1601 3916 1679 3966 err
1689 3914 1700 3962 ι
1712 3912 1753 3963 Ν·

282 4010 373 4067 nra.
407 3997 446 4088 a)
478 3998 545 4065 'Ita
566 3992 652 4065 Sede
674 4017 808 4067 vacante
829 3994 1023 4066 exercitium
1045 3989 1436 4063 Archit‘ancellariamc
1458 4016 1525 4061 nnn
1549 3986 1751 4061 trattafermt

281 4087 311 4161 in
326 4092 431 4163 alium
451 4088 660 4173 Meliorem,
686 4088 741 4165 sed
759 4114 778 4163 a
794 4088 950 4187 capitulo
972 4110 1048 4161 cum
1072 4084 1147 4183 ipso
1164 4086 1354 4159 Eletloratu
1378 4085 1642 4175 administretur,
1673 4109 1750 4159 cum
1801 4158 1806 4177 ,
1828 4146 1835 4155 .

281 4188 365 4259 nulla
377 4188 508 4262 ratione
521 4185 647 4260 ostendi
662 4182 775 4287 pallit,
793 4210 853 4259 cur
870 4188 904 4257 in
917 4180 1162 4259 Electoratibus
1177 4182 1422 4265 Ecclestallicia,
1441 4210 1505 4253 non
1524 4203 1633 4254 nutem
1652 4180 1749 4255 saecu·
1858 4248 1864 4265 ,

204 4266 205 4301 ¹
281 4278 399 4359 laribus
415 4282 568 4357 obtinete
589 4284 705 4358 debeat
722 4285 832 4381 aliqua
846 4278 1014 4359 succellio,
1039 4285 1071 4354 vi
1087 4286 1181 4374 cujus
1199 4284 1282 4353 alter
1297 4282 1432 4353 alterius
1450 4276 1635 4353 funilionts
1651 4279 1683 4351 d
1697 4278 1750 4377 jet-

279 4384 458 4455 rainneim
472 4406 637 4480 occupare
652 4405 709 4457 aut
725 4404 878 4457 exercere
894 4376 989 4477 pellit
1002 4377 1143 4454 durante
1156 4378 1411 4478 impedimento.

315 4510 575 4599 montellum.
589 4512 678 4581 D.de
689 4514 831 4590 Mertnu
850 4504 933 4579 Aer.
947 4495 1316 4578 Punwasmnpimm.
1336 4506 1432 4572 Tom.
1446 4506 1503 4573 111.
1522 4507 1559 4573 L.
1576 4527 1627 4574 ao.
1639 4508 1674 4591 §.
1693 4508 1746 4575 26.
1859 4482 1878 4531 ¹·
1968 4524 1971 4534 ¹

377 4594 488 4665 'llum
506 4594 564 4668 VI.
594 4598 649 4669 nbi
672 4600 706 4667 in
730 4584 1160 4741 bellioneEvengesscgtugt
1183 4592 1308 4679 publica
1328 4592 1361 4659 in
1386 4588 1506 4675 perusto
1526 4592 1748 4733 gravaminndn:
1786 4704 1790 4714 ,
