4509 5550
543 567 616 643 ou
662 557 1002 642 utvunsanutu
1039 553 1371 634 nautotouunr
1418 525 1527 638 aes
1668 585 1747 659 ‚439

268 758 348 850 gio,
369 771 409 824 ut
423 745 470 822 e‘ll
484 748 592 822 uirtus
606 735 742 816 moralia
761 737 1097 849 Rerumpubltcrrum
1114 731 1390 808 Moderatoribua
1414 759 1478 832 pro
1493 757 1605 832 parte,
1630 735 1664 808 id
1680 735 1742 810 est:
1756 699 1899 794 tisdlstto

268 847 383 948 quoad
404 869 518 918 curam
533 838 682 939 obsequii
701 841 735 911 dr
757 843 958 910 executionis
978 837 1167 931 competiit,
1193 833 1325 928 eoquod
1347 831 1421 904 finit
1442 834 1593 902 humane
1610 829 1739 906 socien-
1754 805 1909 906 EP⁰¹⁶s¹²·

268 954 337 1032 tia,
360 968 435 1039 qne
452 939 499 1056 eil
515 938 693 1036 tranquilla
707 937 741 1009 dt
753 933 880 1040 socialia
895 935 1069 1006 hominum
1083 935 1166 1008 vitu,
1191 953 1319 1000 remota
1342 928 1517 1019 Religione
1529 927 1672 1000 obtineri
1687 953 1739 1002 ne·
1751 886 1924 1037 fflffrtm
2011 995 2026 1012 „

267 1064 392 1140 queat,
429 1037 513 1110 nihil
532 1036 648 1118 video,
672 1034 764 1129 quod
781 1057 867 1102 nune
880 1027 951 1120 poll
978 1029 1059 1099 letas
1079 1032 1172 1097 Pacta
1194 1031 1300 1116 Leges
1321 1026 1496 1120 impediat,
1523 1049 1591 1122 quo
1606 1029 1715 1098 minue
1730 1076 1739 1110 ,
1754 1051 1816 1132 ,apg
1839 1052 1924 1118 pop,

268 1164 348 1213 cum
363 1159 464 1209 nemo
481 1135 566 1205 aliua
580 1131 636 1214 fit,
660 1134 719 1226 qui
739 1135 823 1226 Jute
844 1130 968 1198 Divino
991 1125 1074 1196 hanc
1093 1117 1383 1217 jurisdiilionem,
1408 1119 1518 1216 quoad
1532 1119 1739 1218 superiorem
1754 1132 1820 1194 tion
1831 1135 1926 1196 telin.

251 1229 548 1312 ·Eccleliasticum,
561 1225 747 1324 sulpenlatn
762 1247 915 1297 exercere
930 1217 1042 1318 possit,
1066 1217 1216 1314 ‘ejusdem
1229 1219 1423 1290 exercitium
1439 1219 1585 1313 Principi
1600 1220 1741 1294 Politieo
1753 1214 1898 1296 luendi?

265 1357 333 1431 per
349 1325 554 1402 substitutam
575 1323 762 1396 Territorii
778 1317 908 1392 eausam
927 1318 1147 1413 relinquatur.
1195 1316 1323 1386 Durius
1347 1317 1518 1386 enimvero
1535 1337 1635 1386 certe
1651 1312 1742 1389 foret

266 1431 406 1507 dicere,
425 1428 460 1496 in
476 1424 550 1494 data
566 1418 744 1517 hypothesi
764 1418 893 1488 nullum
909 1437 1023 1486 rerum
1046 1411 1212 1484 sacrarum
1233 1432 1444 1504 receptarum
1466 1410 1613 1506 judicem
1628 1409 1742 1484 existe·
1854 1477 1859 1488 ,

265 1550 324 1608 re,
346 1543 406 1596 eut
428 1517 566 1592 subditis
587 1541 661 1588 eam
681 1511 844 1595 asserere,
871 1512 971 1607 <juant
997 1510 1145 1578 Domino
1169 1506 1233 1578 loci
1258 1505 1433 1576 Catholico
1451 1508 1600 1601 ejusdem
1615 1513 1741 1578 exerci-

266 1625 356 1694 tium
371 1617 571 1700 attribuere;
596 1616 655 1711 qui
667 1610 726 1682 urb
741 1608 782 1680 ab
804 1609 870 1680 alio
890 1604 1012 1678 fortius
1026 1605 1079 1698 joa
1101 1599 1243 1674 habente
1265 1601 1474 1684 excludatur,
1499 1599 1671 1674 fundatam
1685 1605 1744 1672 ho·

266 1717 326 1790 bet
341 1718 563 1791 intentionem
577 1735 617 1782 er
630 1733 699 1790 eo,
713 1705 804 1804 qu'od
820 1705 916 1778 datur
929 1705 1007 1778 idea
1017 1699 1251 1794 fitetguuin
1266 1743 1276 1781 ,
1296 1715 1332 1770 tte
1345 1698 1384 1784 it
1396 1703 1458 1772 Dei
1472 1696 1644 1791 Meister,
1665 1703 1741 1771 vin·
1882 1778 1889 1789 ,

266 1820 328 1890 dcx
342 1819 468 1888 inirem
481 1816 536 1895 ei,
559 1815 614 1903 qai
627 1810 707 1878 nale
720 1811 798 1898 agir.
817 1805 860 1896 g)
909 1867 913 1873 .
1295 1834 1297 1844 =
1503 1807 1506 1833 ι
1771 1863 1926 1938 probatur

386 1989 500 2075 Atque
520 1976 556 2049 id
577 1973 687 2074 quoad
708 1967 927 2045 Proteiltntea
948 1989 990 2040 eo
1008 1959 1131 2038 fortius
1150 1965 1287 2048 militat,
1313 1962 1403 2060 quod
1425 1961 1515 2060 apud
1530 1987 1588 2038 eoa
1612 1959 1740 2036 sacrum
1752 1951 1821 2011 tom
1840 1971 1925 2034 qoo-

269 2075 486 2174 faustumque
500 2073 661 2148 habeatur
673 2069 774 2144 illud:
802 2071 894 2175 cujus
912 2066 1079 2158 estRegio,
1103 2067 1182 2134 illius
1194 2063 1236 2154 est
1248 2066 1376 2156 Religio.
1664 2104 1667 2112 -
1753 2029 1925 2180 ξῖῃξὲἓῑθ·

387 2243 508 2342 Quoad
527 2239 717 2313 Catholieoa
737 2259 818 2308 vero
836 2232 877 2304 etl
898 2229 1107 2304 eximendum
1125 2225 1320 2324 scrupulum
1338 2222 1433 2310 facit,
1467 2225 1557 2324 quod
1573 2225 1740 2320 Religioni
1751 2247 1836 2313 'rum
1845 2242 1927 2332 quo.

270 2343 459 2416 catholica·
467 2337 707 2412 conducibilius
726 2329 784 2422 sn,
808 2352 845 2400 ut
859 2327 1035 2399 Ministroa
1056 2324 1120 2396 suae
1142 2326 1370 2396 communitati
1392 2322 1525 2394 diversae
1543 2323 1739 2414 Religionis,
1753 2333 1793 2392 ad
1805 2330 1926 2397 Catho-

270 2440 544 2513 &ordinationes
560 2432 731 2506 conllttuat
744 2429 908 2497 Dominus
918 2420 1129 2502 Catholicae,
1151 2445 1250 2516 quam
1265 2417 1288 2488 fi
1302 2423 1386 2491 circa
1397 2421 1466 2490 haec
1481 2420 1590 2491 nullus
1607 2419 1660 2502 stt,
1682 2421 1740 2516 qui
1752 2412 1846 2480 ΠΜ·
1915 2407 1919 2412 ’

269 2539 423 2617 ordinet,
447 2535 501 2608 vel
514 2523 820 2630 personisllngulis,
845 2542 903 2589 aut
915 2518 1143 2589 communitati
1155 2517 1275 2584 harum
1292 2539 1405 2585 rerum
1421 2514 1523 2583 libera
1540 2513 1742 2588 adminillta·
1851 2537 1855 2542 ·

207 2654 208 2679 ¹
270 2639 314 2705 tio
338 2632 558 2711 concedatur,
585 2651 648 2722 per
667 2619 869 2714 consequens
890 2635 989 2685 nemo
1012 2609 1253 2682 rationabiliter
1276 2609 1424 2702 negabit,
1452 2609 1508 2679 ubi
1525 2609 1742 2684 Eccleliallica
1865 2636 1868 2640 ·

207 3243 208 3252 ¹
271 3236 393 3289 terant.
440 3209 534 3305 Quid

270 2731 521 2803 Catholicorum
535 2719 675 2822 potessas
691 2717 813 2812 absque
829 2737 869 2787 eo
883 2709 949 2791 sese
964 2732 1116 2781 exercere
1124 2707 1266 2803 amplius
1277 2729 1341 2776 non
1358 2701 1480 2799 potell,
1505 2731 1544 2777 ea
1565 2730 1626 2801 per
1647 2710 1741 2777 Prin,

269 2832 380 2926 cipem
403 2824 600 2898 Secularem
624 2815 834 2891 catholicum
855 2811 930 2907 pari
950 2811 1038 2899 Lege
1064 2804 1147 2876 bene
1176 2828 1212 2874 tc
1238 2802 1320 2895 juste
1350 2806 1492 2899 peragi,
1523 2794 1678 2873 suadente
1698 2800 1740 2875 lic
1815 2858 1818 2865 ,

269 2924 469 3025 prudentia,
496 2918 635 2993 &becio
656 2910 766 2986 verbis
780 2906 975 3005 disponente
987 2906 1068 2973 Pace
1088 2898 1330 2995 Westphallca,
1354 2924 1426 2993 quae
1442 2898 1650 2997 Principibus
1674 2906 1742 2971 Au.

271 3022 414 3114 gustante
429 3011 646 3089 Confeffionia
661 3014 695 3081 in
709 3005 856 3081 subditos
870 3000 1004 3074 alterius
1019 2997 1205 3089 Religionis
1221 2998 1333 3066 omnia
1354 2994 1410 3065 illa
1424 2990 1549 3078 all'etit,
1575 3018 1647 3093 qua
1665 3021 1743 3081 con,

270 3144 320 3191 tra
333 3117 458 3190 salvam
473 3114 683 3204 Religionem
698 3104 923 3180 catholicam,
948 3119 1036 3169 extra
1083 3092 1253 3164 oteslatem
1274 3096 1313 3163 in'
1325 3094 1467 3163 animam
1483 3140 1493 3176 ,
1511 3087 1658 3163 'concedi
1682 3118 1741 3189 po.

559 3206 618 3279 uid
638 3206 742 3296 igintr
762 3206 797 3269 in
820 3195 918 3292 supra
938 3190 1041 3287 pofita
1058 3118 1241 3285 hypothesi
1263 3184 1430 3259 Dominus
1451 3186 1643 3261 Catholicae
1661 3186 1742 3262 faci,

269 3316 358 3383 circa
372 3234 729 3403 prediblalpiritualia
742 3321 782 3367 ex
797 3294 912 3365 eadem
927 3289 1110 3361 Tetritorii
1125 3288 1214 3377 Lege
1229 3288 1262 3355 in
1279 3282 1411 3357 locis&
1433 3282 1560 3367 rebus,
1609 3310 1658 3355 uae
1677 3284 1740 3355 Ca.

271 3408 475 3479 tholicorum
488 3403 557 3500 juti
572 3424 608 3471 ac
621 3394 700 3467 fidei
715 3390 857 3489 amplius
874 3380 1018 3481 subjeila
1034 3407 1100 3452 uon
1118 3380 1208 3460 lunt,
1230 3379 1286 3452 sua
1299 3403 1409 3452 tamen
1427 3428 1438 3463 ,
1460 3380 1524 3451 hoc
1542 3310 1627 3473 jolle
1643 3376 1741 3463 facit,

270 3506 402 3601 quippe
425 3504 544 3597 quiea
567 3495 717 3595 peragit,
768 3514 817 3561 uae
842 3478 1083 3557 rationabiliter
1101 3477 1211 3548 omitti
1236 3500 1293 3547 aut
1323 3478 1479 3569 denegati
1504 3500 1571 3565 non
1595 3472 1741 3571 poliunt.
1771 3484 1810 3571 1„
1828 3509 1925 3579 emb

270 3604 366 3673 Nam
387 3621 490 3695 prout
508 3615 624 3693 aperte
644 3612 722 3661 nece
747 3609 808 3657 itas
831 3577 1062 3655 Tolerontiam
1088 3600 1124 3645 ac
1138 3576 1378 3669 Receptionem
1399 3572 1535 3643 alterius
1556 3571 1740 3664 Religionis
1751 3588 1886 3655 cirron.

270 3692 443 3784 iustificat,
467 3697 515 3765 ita
534 3684 667 3763 interest
687 3683 837 3757 omnium
858 3669 1009 3773 suspensa
1028 3664 1497 3766 Jutiadiilione‘Eccleballica
1516 3717 1528 3749 ,
1549 3672 1740 3765 Principem
1751 3668 1872 3736 mont,

207 3807 208 3814 ’
268 3790 561 3869 Territoriiillam
576 3781 720 3864 hebere,
742 3798 886 3872 euntque
908 3766 1168 3842 constitutiones
1192 3768 1278 3837 circe
1301 3764 1516 3835 toleraturum
1537 3788 1576 3837 ac
1591 3784 1727 3861 recepte
1751 3753 1878 3817 ¹¹⁸²&st
1944 3800 1949 3805 ·

207 3875 209 3912 ¹
268 3916 344 3965 rum
369 3884 583 3979 Religionum
602 3884 701 3956 Sacra
717 3871 931 3955 conservare;
954 3868 1019 3939 hoc
1035 3868 1125 3935 enim
1150 3860 1218 3935 solo
1234 3860 1336 3933 modo
1351 3864 1529 3955 precaveri
1545 3858 1672 3957 poteli,
1695 3886 1739 3933 ne

1750 3828 1901 3899 Eeciebre

270 3986 419 4086 populor
443 3978 613 4075 Religioni
633 3966 783 4049 excausa
805 3988 944 4059 urgente
966 3960 1102 4032 indulta
1115 3954 1292 4039 addition,
1318 3958 1372 4027 cui
1396 3956 1613 4053 proludunt,
1646 3910 1892 4060 quodffi‘gu
2011 3976 2013 3983 ,

207 4109 208 4170 l
268 4088 369 4169 velit,
387 4078 544 4154 credendi
559 4072 692 4147 licentia
707 4062 929 4164 permittenda
943 4082 1011 4131 non
1025 4052 1089 4135 est,
1115 4055 1271 4151 deinceps
1281 4055 1317 4123 in
1331 4050 1481 4150 plurium
1504 4076 1669 4127 novorum
1684 4078 1735 4126 er·
1749 4072 1906 4139 scena,-

207 4189 208 4256 3
270 4182 451 4256 titulorum
467 4168 652 4247 doRrinant
667 4186 792 4263 pronus
809 4158 1008 4324 abripiatur,
1033 4173 1136 4249 prout
1149 4174 1211 4247 per
1225 4152 1361 4231 Pacem,
1379 4148 1413 4221 dt
1429 4171 1480 4223 tot
1491 4150 1524 4220 S.
1548 4154 1589 4221 R.
1606 4153 1635 4223 1.
1650 4146 1737 4225 Con·
1748 4152 1853 4220 stiram
1866 4174 1926 4241 per

271 4274 458 4351 stitutiones
471 4262 700 4367 sapientiffime
713 4280 876 4332 cautume
913 4304 923 4336 ,
946 4249 1070 4322 nullam
1084 4246 1183 4319 aliam
1196 4268 1319 4345 preter
1328 4243 1495 4347 mulsaepe
1507 4242 1632 4335 (libies,
1649 4248 1739 4323 Reli.
1749 4236 1925 4323 Principem

271 4379 407 4475 gionem
421 4363 647 4467 recipiendam
660 4384 697 4431 ac
716 4351 921 4429 tolerandam
935 4344 1012 4420 elle·
1751 4316 1881 4385 swie-

306 4474 1301 4593 tnintonuerunt,t‘atrornnnu,uadi·§aaa⁶
1598 4500 1826 4662 mem
1934 4538 1938 4545 .

1445 4600 1449 4614 ,
1617 4594 1740 4679 W

1750 4416 1817 4499 fen:
1828 4417 1923 4471 “fle
2022 4432 2037 4447 ›.
