4509 5550
466 909 473 922 .
572 757 1846 914 Q

821 963 822 967 Ὗ
1137 1079 1290 1218 vn.
1856 1009 1866 1014 ’

619 1287 1802 1408 JOHANN.GEORG.11EUREUTER,

938 1417 1018 1516 Jce
1043 1437 1081 1496 et
1102 1419 1179 1516 Jur‘.
1201 1421 1301 1496 Publ.
1323 1417 1474 1494 Profell'.

829 1555 1591 1629 DISSERTATIO

472 1733 482 1842 ³·
583 1817 779 1949 Juus
853 1708 1246 1932 clamosi
1312 1809 1835 1932 Moouurnu

437 1999 667 2093 eirca
733 2001 1352 2140 omacrouiuniu
1415 1997 1722 2092 conitus
1794 1987 1960 2082 suou

864 2151 1237 2228 MOGUNTINA
1268 2151 1556 2228 VACANTE·

943 2355 949 2372 .
1042 2297 1382 2382 Mogont.1745.

668 2429 1823 2524 ῃπεῆπ-ἤώ,

893 2680 1531 2794 PRAEFATIO.

467 2834 601 3073 Res
616 2903 767 2981 confessa
782 2906 850 2993 ell,
875 2910 909 2979 in
924 2913 1008 3006 Jure
1029 2908 1219 3005 praeprimis
1237 2904 1375 2979 Publica
1395 2932 1435 2981 ex
1454 2904 1603 2980 sontibus
1620 2900 1731 2979 causas
1746 2902 1878 3001 quasvis
1893 2894 1955 2972 de·

483 3038 484 3041 ¹
593 3004 777 3087 ducendas,
802 3030 868 3076 non
890 3007 1089 3079 hauriendas
1115 3030 1155 3079 ex
1175 3006 1301 3078 lacunis
1329 3006 1466 3079 illorum
1492 3004 1711 3102 scriptorum,
1732 3025 1822 3097 quos
1843 2996 1952 3069 studit

464 3103 634 3203 partium,
659 3100 816 3184 offellus,
841 3128 896 3173 aut
911 3102 1030 3175 similes
1047 3102 1148 3175 causae
1161 3106 1195 3175 in
1210 3106 1281 3174 avia
1299 3102 1332 3175 ἃ
1353 3103 1448 3176 devia
1470 3104 1651 3201 abripiunt.
1703 3101 1842 3171 Interim
1865 3094 1953 3168 mol·

464 3207 491 3274 tl
508 3194 656 3271 fontibus
677 3196 853 3291 negleslis,
880 3226 940 3273 nec
956 3198 1033 3287 satis
1050 3201 1188 3297 alicujus
1204 3203 1253 3272 rei
1270 3198 1345 3273 satis
1362 3229 1400 3274 ex
1427 3203 1542 3274 loratis
1564 3202 1605 3274 ad
1627 3196 1837 3273 scribendum
1859 3216 1949 3265 acce·

465 3299 567 3378 dunt,
593 3295 634 3368 de
650 3300 801 3369 Statuutn
817 3300 957 3396 Imperii
970 3297 1108 3395 Jutibus
1121 3298 1245 3395 judicia
1264 3296 1318 3370 sua
1329 3228 1496 3395 prosunt,
1523 3300 1580 3373 illa
1594 3302 1758 3397 impetere
1774 3293 1826 3366 vel
1841 3292 1953 3365 omni·
1990 3337 2016 3354 -

399 3456 403 3463 .
465 3422 510 3469 no
526 3390 670 3467 aufferre
686 3392 899 3492 presumunt
949 3402 1028 3496 Quo
1046 3396 1182 3492 quidem
1206 3395 1307 3469 modo
1327 3395 1469 3473 statuum
1491 3398 1566 3495 jure
1588 3396 1621 3469 br
1643 3394 1828 3491 peculiares
1848 3391 1951 3460 unius

465 3494 644 3566 alteriusve
659 3496 895 3591 praerogativas
912 3520 979 3568 non
996 3490 1155 3587 infringi,
1180 3494 1217 3564 id
1234 3518 1344 3566 tamen
1367 3494 1525 3593 consequi
1547 3497 1658 3594 palam
1681 3490 1744 3574 ell,
1771 3490 1950 3586 opiniones

463 3590 610 3692 publicis
628 3587 757 3687 scriptis
767 3590 934 3689 proditas,
960 3596 1054 3691 queis
1070 3589 1584 3676 Leetommanimiimbuuntur,
1605 3590 1849 3668 autmemoria,
1875 3610 1952 3682 quae

467 3687 559 3782 apud
572 3688 696 3761 multos
711 3688 786 3783 plus
801 3688 925 3785 potest,
951 3714 1051 3788 quam
1068 3693 1217 3772 animus,
1243 3690 1413 3787 repletur,
1436 3715 1504 3763 tam
1528 3690 1609 3762 altas
1625 3714 1724 3783 agere
1740 3686 1886 3766 radices,
1910 3703 1951 3754 ut

466 3778 648 3859 difficulter
669 3784 746 3857 dein
768 3785 917 3859 addullis
940 3783 1143 3860 validissimis
1159 3791 1357 3872 momentis,
1383 3812 1440 3877 aut
1460 3793 1599 3861 omnino
1619 3813 1685 3859 non
1700 3778 1950 3884 poffin'tevclli,

456 3884 503 3957 ait
521 3878 633 3981 pallini
650 3885 759 3977 quivis
774 3883 887 3957 credat
902 3883 933 3960 se
953 3885 1029 3982 jure
1044 3887 1176 3983 optimo
1191 3884 1405 3982 opinionibus
1419 3912 1481 3985 per
1501 3911 1552 3961 tot
1564 3884 1743 3982 scriptores
1765 3881 1949 3955 decantetis
2045 3914 2052 3921 ·

463 3978 720 4081 pertinacissime
735 3977 889 4057 insillere.
940 3984 1073 4079 Obtigit
1088 3982 1152 4056 boc
1166 3985 1324 4081 capitulo
1344 3988 1550 4077 Mogontino
1570 4007 1686 4057 contra
1706 3982 1798 4081 quod
1818 3979 1950 4050 ratione

462 4077 649 4161 Direslorii
668 4078 855 4151 comitialis
874 4078 1024 4177 passima
1044 4078 1263 4177 scriptoribus
1287 4080 1354 4155 sine
1379 4085 1447 4155 ulla
1468 4082 1670 4155 hesitatione
1686 4101 1842 4176 tantaque
1860 4074 1951 4151 fidus

464 4180 518 4251 eia
538 4179 792 4273 pronuntiatur,
815 4204 852 4248 ac
872 4178 894 4250 st
916 4180 1057 4251 haeres
1082 4174 1274 4275 plenissime
1304 4185 1487 4273 cognitioni
1506 4186 1608 4253 totius
1629 4181 1768 4278 Imperii
1792 4172 1951 4270 subjella,

438 4334 445 4343 .
466 4274 680 4346 unanimibus
698 4270 863 4368 suffragiis
878 4274 1001 4358 decisa,
1028 4277 1061 4349 ἃ
1086 4280 1175 4369 Lege
1190 4280 1331 4375 Imperii
1353 4303 1467 4353 contra
1492 4278 1686 4377 Capitulum
1706 4272 1784 4349 esset
1804 4270 1951 4344 firmata.

468 4374 533 4441 Uti
552 4372 587 4443 id
609 4376 733 4443 mirum
754 4398 820 4444 non
842 4370 888 4444 ell
909 4377 942 4444 in
963 4376 1024 4455 iis,
1051 4374 1109 4473 qui
1132 4374 1240 4457 alieno
1264 4376 1391 4471 judicio
1411 4376 1574 4462 scribunt,
1597 4400 1636 4449 ut
1654 4379 1787 4447 vinnon
1802 4368 1952 4443 scribunt

467 4468 642 4567 plerique,
666 4470 701 4541 in
721 4470 835 4542 multis
849 4474 949 4545 etiam
970 4468 1071 4545 officii
1087 4494 1143 4544 out
1156 4460 1312 4569 slipentlii
1330 4480 1417 4548 ratio
1440 4476 1474 4549 id
1492 4481 1625 4569 exigere
1644 4474 1795 4555 videtur,
1818 4471 1865 4541 ita
1880 4492 1951 4540 non

467 4565 553 4643 aneo
568 4567 717 4667 proclive
726 4566 771 4643 ell
786 4564 926 4669 assequi,
953 4596 1013 4651 cur
1026 4572 1140 4676 ceteri
1153 4571 1271 4652 sedem
1285 4568 1444 4651 facilitate
1458 4576 1537 4651 huic
1549 4572 1716 4651 sententiae
1734 4564 1950 4739 subscrilpqnt.

658 4690 662 4701 ’
1048 4706 1053 4716 -
1177 4709 1180 4715 ,
1904 4688 1950 4739 on
