4509 5550
435 629 507 710 na
533 585 865 756 norom-ano
892 631 928 710 r.
951 631 1182 754 marrim
1206 602 1551 716 nonrsramo
1570 637 1637 716 cc.
1733 658 1778 742 a,

955 816 990 928 t·
1042 825 1119 902 vr·
1453 821 1490 918 ⁴,

407 961 459 1036 Er
474 959 593 1037 eadem
609 957 703 1036 causa
728 958 851 1036 debent
875 958 975 1032 etiam
999 965 1061 1032 VI.
1078 961 1239 1034 Canonici
1261 961 1410 1037 Ecclesia
1438 971 1589 1067 Metrop.
1612 975 1709 1066 Mog.
1726 965 1773 1045 se·
1876 957 1883 974 ’

289 1057 441 1132 eundum
458 1062 630 1155 vulgarem
645 1060 860 1133 traditionem
874 1056 1008 1149 fingaris
1022 1059 1114 1128 amris
1130 1061 1163 1128 in
1185 1059 1239 1130 die
1259 1063 1408 1134 cinerum
1424 1065 1457 1136 ἃ
1475 1065 1666 1143 Parcseeves
1691 1095 1771 1167 pro·

289 1155 510 1230 eeliionoliter
525 1161 577 1232 ire
589 1159 631 1230 ad
645 1183 796 1230 montem
814 1161 846 1227 S.
860 1155 977 1254 Jacobi
993 1149 1177 1252 speciosum
1194 1182 1203 1225 r
1229 1155 1390 1250 obligatio
1405 1167 1494 1234 enim
1516 1163 1585 1236 haec
1600 1163 1767 1240 deseendit
1869 1185 1876 1192 '

289 1279 329 1324 er
354 1259 518 1353 antiquo,
533 1279 539 1284 ⁴
553 1251 805 1352 promserunt,
830 1278 906 1335 cum
932 1249 1049 1324 ordine
1073 1251 1293 1326 &Benedicti
1318 1275 1404 1330 nero
1419 1283 1482 1355 per
1499 1263 1638 1336 modum
1659 1287 1766 1360 poene

289 1345 421 1434 forsan,
442 1351 496 1424 rel
509 1347 625 1426 saltem
645 1353 686 1424 ad
699 1347 922 1425 refricandam
944 1351 1071 1446 antiqui
1092 1352 1316 1423 Monachatus
1341 1362 1540 1430 memoriam
1553 1355 1765 1434 introdulia:

289 1445 450 1538 designati
467 1451 568 1522 eriam
584 1446 658 1522 sant
672 1453 757 1522 ritus
773 1454 806 1521 in
820 1446 909 1522 hisee
932 1443 1191 1545 proceffionibus
1207 1449 1386 1521 adhibendi
1407 1455 1441 1522 in
1459 1459 1686 1556 Manasniprio
1706 1461 1767 1532 Ec.

291 1539 680 1644 cleliaeMetropoliranae
694 1549 777 1619 libris
790 1551 1199 1640 LicurgicisacStationnmt
1214 1549 1248 1617 in
1258 1550 1403 1643 quodem
1413 1553 1510 1622 etiam
1520 1551 1688 1646 allegator
1701 1559 1767 1652 Jo·
1831 1627 1835 1632 ,

291 1662 475 1718 nannum
492 1647 528 1715 in
549 1648 638 1718 notis
653 1645 694 1716 ad
719 1647 944 1716 serracina
968 1664 1005 1737 p.
1019 1648 1102 1714 610.
1125 1647 1212 1715 Not·
1228 1669 1260 1738 3.
1286 1644 1357 1716 haec
1378 1644 1569 1722 habentur:
1605 1661 1669 1724 Dra
1690 1661 1767 1724 cine·

289 1763 355 1812 rorn
365 1743 431 1836 post
446 1745 692 1816 incinerationem
707 1746 771 1814 itur
785 1745 827 1813 ad
839 1747 872 1815 S.
886 1742 1036 1839 jaculum
1050 1763 1116 1832 cum
1131 1766 1215 1812 araca
1235 1747 1366 1828 velata,
1388 1747 1485 1836 ibique
1501 1771 1522 1817 a
1536 1751 1621 1819 clroro
1637 1759 1771 1822 Metro·
1846 1755 1849 1764 '

287 1841 423 1934 politam
435 1860 579 1913 cantatur
587 1841 726 1932 lurum,
752 1843 824 1911 darn
836 1842 959 1911 interim
977 1844 1057 1908 ΠΙ).
1073 1841 1253 1930 Steplarita
1271 1841 1350 1910 idern
1365 1843 1490 1930 officium
1503 1848 1534 1914 io
1549 1850 1654 1942 templo
1682 1855 1768 1922 Me·

191 2014 192 2017 ,
287 1940 472 2030 rrepoliraoo
484 1957 652 2033 peragunt,
678 1940 727 2007 udi
740 1956 843 2007 autem
860 1938 969 2031 plavia
992 1936 1110 2024 laedio
1131 1938 1255 2019 incidit,
1280 1961 1338 2008 orn
1359 1949 1416 2011 eric
1437 1943 1588 2034 proceffio,
1611 1945 1663 2032 (ed
1682 1947 1767 2015 dotia

289 2036 485 2125 cineriburfir
496 2037 632 2131 proceffio
646 2058 713 2105 rum
726 2038 843 2106 litaniis
854 2039 885 2103 in
900 2033 962 2124 ipdt
979 2036 1246 2126 Metropoliraoa,
1271 2037 1475 2130 traofirurqaa
1485 2059 1538 2132 per
1561 2044 1643 2111 alam
1661 2043 1764 2134 templi

287 2155 307 2200 a
322 2132 422 2202 iatam
428 2131 495 2222 sori
505 2155 558 2227 per
571 2134 716 2202 ambitum
728 2135 839 2202 iterum
853 2133 895 2199 ad
902 2127 1052 2219 summum
1066 2132 1197 2200 claram.
1246 2136 1336 2203 Faria
1353 2148 1410 2204 ora
1427 2135 1608 2229 parasceves
1626 2143 1663 2208 de
1677 2161 1765 2210 mane

288 2232 404 2300 incedit
416 2233 522 2302 clrorus
534 2233 576 2300 ad
586 2233 697 2299 amam
708 2235 741 2302 a’.
757 2229 866 2328 Jacobr
879 2227 1035 2309 Ecclefiam
1049 2226 1109 2309 fine
1124 2247 1232 2309 cantu,
1248 2229 1297 2300 ubi
1312 2233 1414 2300 Albas
1436 2237 1493 2302 loci
1508 2256 1573 2304 curn
1591 2234 1656 2324 ficia
1677 2239 1764 2305 mini-

281 2327 356 2419 ,drir
368 2330 490 2422 peragit
505 2327 631 2412 officiam
645 2329 723 2406 diei,
747 2327 999 2401 &adorationem
1019 2325 1135 2412 crucis,
1161 2345 1318 2416 ceteraque
1334 2331 1427 2418 iuxta
1442 2331 1576 2420 sormam
1598 2337 1630 2402 in
1655 2332 1764 2426 miffali

277 2431 377 2494 ,Rern
389 2428 571 2520 pralcmptas
585 2426 670 2496 clrrro
685 2425 932 2516 Metropolitano
948 2415 1149 2513 respondente.
1201 2423 1272 2505 Par
1287 2423 1411 2510 officium
1428 2431 1697 2523 Reverendiffimus
1721 2439 1767 2505 D.

191 2576 192 2603 2
287 2528 431 2592 Decorus
442 2523 567 2593 indutus
579 2523 648 2592 alba
663 2523 698 2595 id
709 2519 785 2608 stola
798 2538 916 2611 accepta
929 2544 950 2588 a
962 2517 1212 2611 Reverendiffioro
1227 2526 1270 2590 D.
1287 2523 1407 2593 Allato
1428 2523 1566 2618 capsula,
1586 2535 1618 2597 in
1643 2551 1702 2618 qua
1715 2552 1766 2598 ra·
1790 2551 1798 2559 ·

286 2621 441 2690 conditam
458 2619 500 2710 est
518 2620 694 2694 Venerabile
708 2623 955 2697 Sacramentum,
981 2617 1037 2684 dat
1051 2619 1298 2704 denedillr'ooem,
1321 2623 1511 2712 proceditque
1520 2623 1575 2710 scal
1589 2625 1763 2696 baldachino

192 2632 203 2788 l
287 2722 400 2809 nigror
420 2711 804 2810 [aquanturpersonacleri
817 2709 1220 2800 fineeantasarentersacar
1240 2710 1392 2798 accensas,
1419 2717 1624 2811 &reponitur
1644 2727 1675 2793 S.
1701 2728 1765 2793 Ho-
1858 2717 1860 2720 ’
1908 2796 1912 2801 ,

191 2823 193 2872 l
280 2814 344 2909 stia
358 2817 393 2883 in
406 2812 536 2909 (epulcro
549 2834 712 2909 preparato
732 2816 764 2883 in
784 2810 931 2895 vestibulo
952 2809 1032 2877 ebori
1051 2808 1144 2895 (arrei
1166 2826 1239 2877 ante
1262 2812 1362 2880 altare
1385 2836 1499 2883 novum
1522 2818 1561 2885 Β.
1577 2824 1640 2888 Μ.
1662 2823 1702 2893 V.
1719 2817 1766 2909 as·

288 2910 421 3005 sarapta.
479 2914 519 2981 In
540 2911 608 2983 alio
633 2926 775 2982 mano
803 2922 1003 3001 arruaar
1029 2898 1187 2973 habetur:
1202 2942 1214 2961 ·
1231 2908 1268 2975 ln
1286 2910 1333 2976 die
1349 2912 1480 2980 cinerum
1498 2911 1561 3006 pod
1580 2918 1709 3008 primam
1731 2919 1764 2989 io

287 3008 587 3102 Metropolitanum
602 3010 796 3086 incinerant,
821 3005 926 3073 deinde
938 3000 1029 3089 stacio
1048 3004 1090 3071 ad
1108 3006 1139 3073 S.
1153 3004 1321 3099 Jacolum.
1332 3055 1359 3076 ..
1376 3029 1462 3077 anno
1478 3014 1582 3096 1657.
1607 3011 1763 3083 obaurata

191 3165 192 3172 ,
284 3105 531 3201 planiamstatio
545 3103 678 3196 nonfuit
694 3102 820 3185 habita,
840 3101 896 3188 [ed
917 3099 1159 3192 procefflonaliter
1179 3100 1263 3170 ibant
1275 3122 1328 3193 per
1349 3105 1496 3175 arnlitum
1520 3108 1581 3181 Hic.
1605 3112 1636 3179 ln
1653 3112 1700 3179 die
1714 3131 1767 3204 pa·

288 3202 429 3289 ealceoer
438 3202 582 3293 fitstatio
594 3206 634 3271 cd
649 3206 682 3274 S.
696 3202 868 3299 Jacobum:
898 3198 997 3265 Aldus
1015 3200 1071 3265 vel
1092 3199 1172 3264 alcas
1187 3200 1326 3285 sacerdos
1346 3198 1446 3291 casula
1469 3206 1593 3273 indutus
1607 3206 1692 3296 quali
1707 3204 1768 3293 offi·
1873 3230 1883 3241 ’

269 3304 365 3369 ·cium
379 3300 465 3393 miffa
481 3300 703 3377 celebraturus,
725 3297 827 3387 faciat
837 3293 927 3384 solito
941 3316 1021 3361 more
1037 3293 1234 3386 conseffirnem
1251 3294 1428 3375 ido-dicit:
1451 3300 1597 3371 Domine
1611 3326 1678 3371 non
1695 3300 1767 3374 sum

287 3394 435 3487 dignor,
464 3400 500 3471 id
511 3396 552 3484 fic
564 3399 681 3491 peregit
696 3394 841 3478 officiunt,
865 3392 900 3464 ii
914 3394 1110 3461 communicat
1126 3395 1304 3461 Monachus
1324 3416 1359 3463 ac
1368 3394 1486 3485 fratres
1503 3396 1589 3481 ficos,
1615 3400 1650 3471 ὅ
1670 3402 1768 3490 postea

287 3496 427 3586 legentur
440 3490 579 3587 vespera.
629 3489 759 3562 Ibidem
772 3484 914 3559 habetur
931 3535 951 3568 „
970 3490 1048 3556 NB.
1056 3487 1089 3577 fi
1101 3506 1230 3581 tempore
1248 3490 1313 3558 belli
1328 3495 1451 3559 Darnini
1465 3494 1612 3582 Majores
1627 3516 1685 3563 ooo
1698 3501 1771 3567 vel.

286 3594 375 3674 leot,
401 3615 496 3683 nequa
508 3590 619 3684 poffaor
635 3592 679 3659 ire
691 3590 722 3659 in
737 3590 784 3657 die
794 3587 972 3679 'paralceves
987 3586 1029 3653 ad
1044 3588 1076 3655 S.
1089 3584 1237 3683 tholum
1256 3607 1328 3658 tunc
1346 3584 1553 3679 sraffraganaus
1567 3593 1597 3658 io
1612 3590 1663 3661 dia
1683 3615 1765 3663 cone

286 3688 438 3779 consecrat
453 3715 486 3759 a.
503 3688 609 3773 bodias
624 3708 767 3778 magnas,
786 3705 877 3751 unam
895 3678 996 3776 prose
1015 3676 1094 3774 ipso,
1117 3684 1210 3751 aliam
1232 3688 1263 3753 io
1287 3686 1335 3757 die
1352 3684 1528 3781 paresceves
1546 3684 1762 3776 reservandam

287 3787 477 3883 incorporali
492 3784 599 3879 majori
607 3785 704 3877 juxta
719 3783 851 3878 pixidem
860 3780 1044 3872 sacramenti
1064 3776 1296 3869 custodiendam.
1568 3812 1571 3817 ·

848 4034 859 4042 a>
940 3992 973 4082 a.
1019 3922 1123 4070 vri

400 4108 630 4199 Variaeetirm
643 4116 1033 4220 deniqneV11.iuerunt
1047 4120 1129 4194 olim
1143 4112 1431 4193 confraternitates
1446 4120 1533 4194 inter
1546 4126 1761 4201 Frorrat

288 4222 324 4297 S.
346 4224 590 4303 Monrrrrl,
616 4220 775 4292 &varios
793 4220 1044 4294 Monachorum
1061 4218 1190 4290 ordinis
1205 4221 1238 4289 S.
1262 4215 1432 4290 Benedilii
1452 4242 1633 4293 conventus
1653 4224 1688 4292 in
1703 4219 1763 4315 lig·

287 4344 391 4403 nam,
415 4318 508 4415 quod
525 4316 676 4411 ejusdcm
689 4317 771 4389 olim
788 4312 915 4389 fuerint
927 4317 1074 4397 ordinis,
1100 4314 1134 4387 dr
1149 4338 1228 4387 vera
1241 4317 1397 4388 intereos
1415 4312 1539 4388 steterit
1554 4312 1763 4405 fraternitam

289 4414 391 4514 Qrod
412 4416 487 4490 talio
507 4408 766 4488 confraternitas
780 4438 857 4486 cum
876 4410 1083 4487 Monosterio
1106 4416 1140 4484 S.
1167 4410 1258 4483 Galli
1271 4408 1508 4495 intercesserit,
1539 4414 1699 4489 docemur
1721 4440 1761 4491 er

191 4515 193 4631 l
286 4518 509 4588 corrant
536 4514 567 4582 Ι.
594 4515 753 4608 diplomate
767 4510 810 4583 de
823 4535 853 4583 a.
875 4522 977 4591 1¹88·
990 4509 1080 4607 opud
1092 4508 1141 4579 ill.
1158 4511 1198 4578 L.
1211 4511 1249 4579 Β.
1269 4526 1321 4579 nn
1336 4510 1517 4582 Gunanus
1543 4510 1566 4583 l.
1584 4534 1613 4585 c.
1628 4535 1661 4609 p.
1681 4538 1763 4601 ²90·

287 4614 432 4712 quirit:
457 4610 896 4705 Relationraotiquiffimoram
906 4610 1046 4703 frenum
1060 4605 1226 4701 nostrornm
1239 4610 1417 4705 percepimus
1430 4609 1506 4679 lanc
1526 4608 1764 4699 crnfttrtadineor

337 4704 376 4789 Τ
368 4726 466 4787 emus
491 4701 564 4782 III.
1157 4703 1201 4775 M
1681 4708 1762 4781 inter
