<?xml version="1.0" encoding="UTF-8"?>
<!DOCTYPE html PUBLIC "-//W3C//DTD XHTML 1.0 Transitional//EN"
    "http://www.w3.org/TR/xhtml1/DTD/xhtml1-transitional.dtd">
<html xmlns="http://www.w3.org/1999/xhtml" xml:lang="en" lang="en">
 <head>
  <title>
</title>
<meta http-equiv="Content-Type" content="text/html;charset=utf-8" />
  <meta name='ocr-system' content='tesseract 3.04.00' />
  <meta name='ocr-capabilities' content='ocr_page ocr_carea ocr_par ocr_line ocrx_word'/>
</head>
<body>
  <div class='ocr_page' id='page_1' title='image "./thesavrvsivrise02schmgoog_0359.png"; bbox 0 0 4509 5550; ppageno 0'>
   <div class='ocr_carea' id='block_1_1' title="bbox 349 534 1738 715">
    <p class='ocr_par' dir='ltr' id='par_1_1' title="bbox 349 534 1738 715">
     <span class='ocr_line' id='line_1_1' title="bbox 349 534 1738 715; baseline 0.001 -32"><span class='ocrx_word' id='word_1_1' title='bbox 349 602 424 683; x_wconf 78' lang='lat' dir='ltr'>oa</span> <span class='ocrx_word' id='word_1_2' title='bbox 452 596 805 705; x_wconf 79' lang='lat' dir='ltr'>nonnnonun</span> <span class='ocrx_word' id='word_1_3' title='bbox 830 596 1178 680; x_wconf 73' lang='lat' dir='ltr'>inueneronts</span> <span class='ocrx_word' id='word_1_4' title='bbox 1206 534 1448 683; x_wconf 76' lang='lat' dir='ltr'>arumna</span> <span class='ocrx_word' id='word_1_5' title='bbox 1472 603 1608 686; x_wconf 82' lang='lat' dir='ltr'>roan.</span> <span class='ocrx_word' id='word_1_6' title='bbox 1667 582 1738 715; x_wconf 77' lang='lat'>,4&#39;7</span> 
     </span>
    </p>
   </div>
   <div class='ocr_carea' id='block_1_2' title="bbox 229 778 1783 2011">
    <p class='ocr_par' dir='ltr' id='par_1_2' title="bbox 229 778 1783 2011">
     <span class='ocr_line' id='line_1_2' title="bbox 365 778 1738 869; baseline 0.005 -21"><span class='ocrx_word' id='word_1_7' title='bbox 365 784 415 847; x_wconf 83' lang='lat' dir='ltr'>eit</span> <span class='ocrx_word' id='word_1_8' title='bbox 429 778 720 864; x_wconf 80' lang='lat' dir='ltr'>impreiiionemex</span> <span class='ocrx_word' id='word_1_9' title='bbox 739 787 870 862; x_wconf 88' lang='lat' dir='ltr'>recepto</span> <span class='ocrx_word' id='word_1_10' title='bbox 883 778 942 843; x_wconf 91' lang='lat' dir='ltr'>illo</span> <span class='ocrx_word' id='word_1_11' title='bbox 956 779 1162 864; x_wconf 77' lang='lat' dir='ltr'>prejudicio:</span> <span class='ocrx_word' id='word_1_12' title='bbox 1192 782 1292 848; x_wconf 84' lang='lat' dir='ltr'>Roma</span> <span class='ocrx_word' id='word_1_13' title='bbox 1306 793 1397 869; x_wconf 83' lang='lat' dir='ltr'>caput</span> <span class='ocrx_word' id='word_1_14' title='bbox 1411 786 1521 851; x_wconf 78' lang='lat' dir='ltr'>mundi</span> <span class='ocrx_word' id='word_1_15' title='bbox 1528 808 1542 861; x_wconf 67' lang='grc' dir='ltr'><strong><em>ς</em></strong></span> <span class='ocrx_word' id='word_1_16' title='bbox 1561 802 1738 869; x_wconf 88' lang='lat' dir='ltr'>quanquam</span> 
     </span>
     <span class='ocr_line' id='line_1_3' title="bbox 364 862 1739 953; baseline 0.004 -24"><span class='ocrx_word' id='word_1_17' title='bbox 364 866 522 947; x_wconf 85' lang='lat' dir='ltr'>languens</span> <span class='ocrx_word' id='word_1_18' title='bbox 544 862 628 933; x_wconf 86' lang='lat' dir='ltr'>hoc,</span> <span class='ocrx_word' id='word_1_19' title='bbox 665 863 733 925; x_wconf 88' lang='lat' dir='ltr'>imo</span> <span class='ocrx_word' id='word_1_20' title='bbox 750 862 970 927; x_wconf 88' lang='lat' dir='ltr'>detruncatum</span> <span class='ocrx_word' id='word_1_21' title='bbox 994 874 1090 944; x_wconf 86' lang='lat' dir='ltr'>ceput</span> <span class='ocrx_word' id='word_1_22' title='bbox 1109 865 1226 929; x_wconf 83' lang='lat' dir='ltr'>nulium</span> <span class='ocrx_word' id='word_1_23' title='bbox 1241 870 1362 931; x_wconf 85' lang='lat' dir='ltr'>uitaiem</span> <span class='ocrx_word' id='word_1_24' title='bbox 1382 870 1538 953; x_wconf 83' lang='lat' dir='ltr'>inflexum</span> <span class='ocrx_word' id='word_1_25' title='bbox 1559 872 1739 953; x_wconf 76' lang='lat' dir='ltr'>praestiterit</span> 
     </span>
     <span class='ocr_line' id='line_1_4' title="bbox 229 944 1737 1036; baseline 0.004 -27"><span class='ocrx_word' id='word_1_26' title='bbox 229 982 235 993; x_wconf 92' lang='lat'>·</span> <span class='ocrx_word' id='word_1_27' title='bbox 365 946 515 1030; x_wconf 76' lang='lat' dir='ltr'>corpori,</span> <span class='ocrx_word' id='word_1_28' title='bbox 545 947 596 1007; x_wconf 87' lang='lat' dir='ltr'>cui</span> <span class='ocrx_word' id='word_1_29' title='bbox 612 944 952 1027; x_wconf 87' lang='lat' dir='ltr'>superimponebatur,</span> <span class='ocrx_word' id='word_1_30' title='bbox 973 948 1049 1027; x_wconf 89' lang='lat' dir='ltr'>quin</span> <span class='ocrx_word' id='word_1_31' title='bbox 1062 964 1122 1009; x_wconf 87' lang='lat' dir='ltr'>uec</span> <span class='ocrx_word' id='word_1_32' title='bbox 1136 948 1317 1030; x_wconf 78' lang='lat' dir='ltr'>impositum</span> <span class='ocrx_word' id='word_1_33' title='bbox 1332 948 1512 1015; x_wconf 88' lang='lat' dir='ltr'>efficeretur</span> <span class='ocrx_word' id='word_1_34' title='bbox 1528 964 1617 1035; x_wconf 85' lang='lat' dir='ltr'>caput</span> <span class='ocrx_word' id='word_1_35' title='bbox 1630 972 1737 1036; x_wconf 80' lang='lat' dir='ltr'>corpo·</span> 
     </span>
     <span class='ocr_line' id='line_1_5' title="bbox 365 1028 1738 1116; baseline 0.005 -24"><span class='ocrx_word' id='word_1_36' title='bbox 365 1032 416 1093; x_wconf 86' lang='lat' dir='ltr'>rie</span> <span class='ocrx_word' id='word_1_37' title='bbox 433 1031 536 1099; x_wconf 74' lang='lat' dir='ltr'>illitu,</span> <span class='ocrx_word' id='word_1_38' title='bbox 560 1040 675 1108; x_wconf 83' lang='lat' dir='ltr'>utpote</span> <span class='ocrx_word' id='word_1_39' title='bbox 694 1028 727 1089; x_wconf 93' lang='lat' dir='ltr'>in</span> <span class='ocrx_word' id='word_1_40' title='bbox 751 1028 858 1089; x_wconf 75' lang='lat' dir='ltr'>(oraio</span> <span class='ocrx_word' id='word_1_41' title='bbox 875 1028 924 1092; x_wconf 83' lang='lat' dir='ltr'>M.</span> <span class='ocrx_word' id='word_1_42' title='bbox 946 1028 1033 1091; x_wconf 88' lang='lat' dir='ltr'>suum</span> <span class='ocrx_word' id='word_1_43' title='bbox 1049 1040 1144 1110; x_wconf 86' lang='lat' dir='ltr'>caput</span> <span class='ocrx_word' id='word_1_44' title='bbox 1157 1030 1219 1109; x_wconf 83' lang='lat' dir='ltr'>jam</span> <span class='ocrx_word' id='word_1_45' title='bbox 1234 1030 1397 1105; x_wconf 82' lang='lat' dir='ltr'>habentis,</span> <span class='ocrx_word' id='word_1_46' title='bbox 1422 1052 1481 1097; x_wconf 88' lang='lat' dir='ltr'>uec</span> <span class='ocrx_word' id='word_1_47' title='bbox 1499 1033 1599 1097; x_wconf 84' lang='lat' dir='ltr'>Romo</span> <span class='ocrx_word' id='word_1_48' title='bbox 1608 1054 1668 1116; x_wconf 81' lang='lat' dir='ltr'>pro</span> <span class='ocrx_word' id='word_1_49' title='bbox 1686 1053 1738 1099; x_wconf 83' lang='lat' dir='ltr'>aa·</span> 
     </span>
     <span class='ocr_line' id='line_1_6' title="bbox 362 1107 1736 1195; baseline 0.005 -25"><span class='ocrx_word' id='word_1_50' title='bbox 362 1113 430 1195; x_wconf 81' lang='lat' dir='ltr'>pite</span> <span class='ocrx_word' id='word_1_51' title='bbox 450 1110 632 1188; x_wconf 82' lang='lat' dir='ltr'>indigentia.</span> <span class='ocrx_word' id='word_1_52' title='bbox 676 1107 759 1183; x_wconf 79' lang='lat' dir='ltr'>Quae</span> <span class='ocrx_word' id='word_1_53' title='bbox 775 1111 872 1190; x_wconf 89' lang='lat' dir='ltr'>paulo</span> <span class='ocrx_word' id='word_1_54' title='bbox 894 1121 968 1173; x_wconf 87' lang='lat' dir='ltr'>aute</span> <span class='ocrx_word' id='word_1_55' title='bbox 982 1110 1021 1173; x_wconf 89' lang='lat' dir='ltr'>de</span> <span class='ocrx_word' id='word_1_56' title='bbox 1035 1110 1121 1173; x_wconf 78' lang='lat' dir='ltr'>neto</span> <span class='ocrx_word' id='word_1_57' title='bbox 1139 1111 1250 1175; x_wconf 81' lang='lat' dir='ltr'>Leonis</span> <span class='ocrx_word' id='word_1_58' title='bbox 1270 1114 1356 1189; x_wconf 84' lang='lat' dir='ltr'>HL,</span> <span class='ocrx_word' id='word_1_59' title='bbox 1380 1134 1445 1177; x_wconf 90' lang='lat' dir='ltr'>non</span> <span class='ocrx_word' id='word_1_60' title='bbox 1461 1118 1595 1179; x_wconf 86' lang='lat' dir='ltr'>muitum</span> <span class='ocrx_word' id='word_1_61' title='bbox 1617 1116 1736 1179; x_wconf 85' lang='lat' dir='ltr'>Carolo</span> 
     </span>
     <span class='ocr_line' id='line_1_7' title="bbox 365 1190 1680 1281; baseline 0.005 -26"><span class='ocrx_word' id='word_1_62' title='bbox 365 1194 412 1257; x_wconf 84' lang='lat' dir='ltr'>M.</span> <span class='ocrx_word' id='word_1_63' title='bbox 428 1192 605 1265; x_wconf 82' lang='lat' dir='ltr'>tribuente,</span> <span class='ocrx_word' id='word_1_64' title='bbox 622 1190 710 1261; x_wconf 84' lang='lat' dir='ltr'><strong>dixi,</strong></span> <span class='ocrx_word' id='word_1_65' title='bbox 732 1192 836 1253; x_wconf 81' lang='lat' dir='ltr'>innuit</span> <span class='ocrx_word' id='word_1_66' title='bbox 851 1192 1025 1256; x_wconf 86' lang='lat' dir='ltr'>chronicon</span> <span class='ocrx_word' id='word_1_67' title='bbox 1039 1192 1237 1259; x_wconf 77' lang='lat' dir='ltr'>utatssacense</span> <span class='ocrx_word' id='word_1_68' title='bbox 1250 1196 1287 1257; x_wconf 87' lang='lat' dir='ltr'>ad</span> <span class='ocrx_word' id='word_1_69' title='bbox 1301 1214 1350 1260; x_wconf 91' lang='lat' dir='ltr'>an.</span> <span class='ocrx_word' id='word_1_70' title='bbox 1367 1208 1436 1271; x_wconf 80' lang='lat'><em>801.</em></span> <span class='ocrx_word' id='word_1_71' title='bbox 1487 1198 1567 1261; x_wconf 83' lang='lat' dir='ltr'>Tune</span> <span class='ocrx_word' id='word_1_72' title='bbox 1583 1195 1680 1281; x_wconf 83' lang='lat' dir='ltr'>visum</span> 
     </span>
     <span class='ocr_line' id='line_1_8' title="bbox 365 1198 1737 1363; baseline 0.007 -29"><span class='ocrx_word' id='word_1_73' title='bbox 365 1274 405 1339; x_wconf 85' lang='lat' dir='ltr'><em>A</em></span> <span class='ocrx_word' id='word_1_74' title='bbox 426 1273 542 1357; x_wconf 76' lang='lat' dir='ltr'>ofloiieo</span> <span class='ocrx_word' id='word_1_75' title='bbox 556 1271 670 1343; x_wconf 87' lang='lat' dir='ltr'>Leoni,</span> <span class='ocrx_word' id='word_1_76' title='bbox 700 1269 740 1336; x_wconf 60' lang='grc' dir='ltr'>δ’</span> <span class='ocrx_word' id='word_1_77' title='bbox 756 1276 902 1356; x_wconf 83' lang='lat' dir='ltr'>univerfis</span> <span class='ocrx_word' id='word_1_78' title='bbox 918 1272 968 1337; x_wconf 85' lang='lat' dir='ltr'>Sr.</span> <span class='ocrx_word' id='word_1_79' title='bbox 986 1275 1147 1349; x_wconf 78' lang='lat' dir='ltr'>Patribus,</span> <span class='ocrx_word' id='word_1_80' title='bbox 1174 1280 1279 1359; x_wconf 86' lang='lat' dir='ltr'>quiin</span> <span class='ocrx_word' id='word_1_81' title='bbox 1297 1277 1362 1361; x_wconf 88' lang='lat' dir='ltr'>ipso</span> <span class='ocrx_word' id='word_1_82' title='bbox 1377 1280 1499 1341; x_wconf 75' lang='lat' dir='ltr'>concilio</span> <span class='ocrx_word' id='word_1_83' title='bbox 1516 1282 1663 1353; x_wconf 80' lang='lat' dir='ltr'>oderant,</span> <span class='ocrx_word' id='word_1_84' title='bbox 1680 1198 1737 1363; x_wconf 62' lang='lat' dir='ltr'>sels</span> 
     </span>
     <span class='ocr_line' id='line_1_9' title="bbox 365 1292 1737 1443; baseline 0.004 -24"><span class='ocrx_word' id='word_1_85' title='bbox 365 1292 483 1437; x_wconf 62' lang='lat' dir='ltr'>resque</span> <span class='ocrx_word' id='word_1_86' title='bbox 499 1352 662 1436; x_wconf 77' lang='lat' dir='ltr'>christiano</span> <span class='ocrx_word' id='word_1_87' title='bbox 681 1372 721 1434; x_wconf 82' lang='lat' dir='ltr'>po</span> <span class='ocrx_word' id='word_1_88' title='bbox 743 1355 809 1428; x_wconf 85' lang='lat' dir='ltr'>uio,</span> <span class='ocrx_word' id='word_1_89' title='bbox 838 1366 873 1418; x_wconf 90' lang='lat' dir='ltr'>ut</span> <span class='ocrx_word' id='word_1_90' title='bbox 888 1354 988 1438; x_wconf 81' lang='lat' dir='ltr'>ipsum</span> <span class='ocrx_word' id='word_1_91' title='bbox 1002 1356 1170 1431; x_wconf 74' lang='lat' dir='ltr'>lineatum,</span> <span class='ocrx_word' id='word_1_92' title='bbox 1200 1357 1313 1441; x_wconf 80' lang='lat' dir='ltr'>Regem</span> <span class='ocrx_word' id='word_1_93' title='bbox 1330 1361 1535 1433; x_wconf 78' lang='lat' dir='ltr'><strong><em>Francorum,</em></strong></span> <span class='ocrx_word' id='word_1_94' title='bbox 1566 1362 1737 1443; x_wconf 82' lang='lat' dir='ltr'>Imperato-</span> 
     </span>
     <span class='ocr_line' id='line_1_10' title="bbox 366 1373 1738 1519; baseline 0.005 -19"><span class='ocrx_word' id='word_1_95' title='bbox 366 1456 434 1502; x_wconf 86' lang='lat' dir='ltr'>rem</span> <span class='ocrx_word' id='word_1_96' title='bbox 453 1437 613 1499; x_wconf 89' lang='lat' dir='ltr'>nominare</span> <span class='ocrx_word' id='word_1_97' title='bbox 625 1373 804 1519; x_wconf 56' lang='lat' dir='ltr'>demeisentr</span> <span class='ocrx_word' id='word_1_98' title='bbox 827 1436 867 1500; x_wconf 90' lang='lat' dir='ltr'>N.</span> <span class='ocrx_word' id='word_1_99' title='bbox 881 1437 917 1499; x_wconf 87' lang='lat' dir='ltr'>B.</span> <span class='ocrx_word' id='word_1_100' title='bbox 939 1435 1123 1518; x_wconf 81' lang='lat' dir='ltr'>quiaipsam</span> <span class='ocrx_word' id='word_1_101' title='bbox 1138 1440 1287 1515; x_wconf 83' lang='lat' dir='ltr'><strong><em>Romam,</em></strong></span> <span class='ocrx_word' id='word_1_102' title='bbox 1317 1440 1507 1505; x_wconf 75' lang='lat' dir='ltr'>Mannum</span> <span class='ocrx_word' id='word_1_103' title='bbox 1532 1443 1738 1517; x_wconf 76' lang='lat' dir='ltr'>lmeenn,</span> 
     </span>
     <span class='ocr_line' id='line_1_11' title="bbox 366 1514 1737 1607; baseline 0.005 -25"><span class='ocrx_word' id='word_1_104' title='bbox 366 1514 504 1590; x_wconf 74' lang='lat' dir='ltr'>tenebat,</span> <span class='ocrx_word' id='word_1_105' title='bbox 533 1517 659 1599; x_wconf 83' lang='lat' dir='ltr'>ubisem</span> <span class='ocrx_word' id='word_1_106' title='bbox 680 1536 714 1579; x_wconf 89' lang='lat' dir='ltr'>er</span> <span class='ocrx_word' id='word_1_107' title='bbox 730 1516 879 1597; x_wconf 62' lang='lat' dir='ltr'>Cereres,</span> <span class='ocrx_word' id='word_1_108' title='bbox 906 1514 945 1582; x_wconf 67' lang='lat' dir='ltr'>si</span> <span class='ocrx_word' id='word_1_109' title='bbox 959 1519 1361 1602; x_wconf 79' lang='lat' dir='ltr'>imperatoressederesoiiti</span> <span class='ocrx_word' id='word_1_110' title='bbox 1373 1522 1464 1605; x_wconf 85' lang='lat' dir='ltr'>sunt,</span> <span class='ocrx_word' id='word_1_111' title='bbox 1478 1522 1535 1607; x_wconf 88' lang='lat' dir='ltr'>seu</span> <span class='ocrx_word' id='word_1_112' title='bbox 1555 1544 1737 1599; x_wconf 76' lang='lat' dir='ltr'>aemonae</span> 
     </span>
     <span class='ocr_line' id='line_1_12' title="bbox 306 1598 1783 1681; baseline 0.004 -18"><span class='ocrx_word' id='word_1_113' title='bbox 306 1616 310 1621; x_wconf 77' lang='grc'><em>’</em></span> <span class='ocrx_word' id='word_1_114' title='bbox 369 1620 499 1673; x_wconf 79' lang='lat' dir='ltr'>aenea,</span> <span class='ocrx_word' id='word_1_115' title='bbox 519 1618 596 1681; x_wconf 82' lang='lat' dir='ltr'>quar</span> <span class='ocrx_word' id='word_1_116' title='bbox 614 1602 724 1681; x_wconf 83' lang='lat' dir='ltr'>ipein</span> <span class='ocrx_word' id='word_1_117' title='bbox 751 1601 862 1673; x_wconf 76' lang='lat' dir='ltr'>Italia,</span> <span class='ocrx_word' id='word_1_118' title='bbox 893 1598 932 1663; x_wconf 65' lang='lat' dir='ltr'>fi</span> <span class='ocrx_word' id='word_1_119' title='bbox 955 1600 1078 1671; x_wconf 77' lang='lat' dir='ltr'>Gallia,</span> <span class='ocrx_word' id='word_1_120' title='bbox 1100 1622 1151 1665; x_wconf 88' lang='lat' dir='ltr'>ner</span> <span class='ocrx_word' id='word_1_121' title='bbox 1170 1624 1232 1665; x_wconf 89' lang='lat' dir='ltr'>non</span> <span class='ocrx_word' id='word_1_122' title='bbox 1252 1602 1473 1669; x_wconf 75' lang='lat' dir='ltr'>&amp;Germania</span> <span class='ocrx_word' id='word_1_123' title='bbox 1494 1606 1619 1669; x_wconf 86' lang='lat' dir='ltr'>tenebat.</span> <span class='ocrx_word' id='word_1_124' title='bbox 1660 1608 1739 1670; x_wconf 85' lang='lat' dir='ltr'>Erat</span> <span class='ocrx_word' id='word_1_125' title='bbox 1777 1610 1783 1619; x_wconf 94' lang='lat'>&#39;</span> 
     </span>
     <span class='ocr_line' id='line_1_13' title="bbox 366 1680 1737 1768; baseline 0.004 -23"><span class='ocrx_word' id='word_1_126' title='bbox 366 1701 450 1763; x_wconf 80' lang='lat' dir='ltr'>ergo</span> <span class='ocrx_word' id='word_1_127' title='bbox 466 1681 615 1744; x_wconf 82' lang='lat' dir='ltr'>mirabilia</span> <span class='ocrx_word' id='word_1_128' title='bbox 649 1680 834 1761; x_wconf 78' lang='lat' dir='ltr'>lauefigure</span> <span class='ocrx_word' id='word_1_129' title='bbox 848 1682 934 1744; x_wconf 84' lang='lat' dir='ltr'>illiue</span> <span class='ocrx_word' id='word_1_130' title='bbox 948 1682 1167 1746; x_wconf 87' lang='lat' dir='ltr'>Romanorum</span> <span class='ocrx_word' id='word_1_131' title='bbox 1186 1684 1333 1768; x_wconf 84' lang='lat' dir='ltr'>Imperii;</span> <span class='ocrx_word' id='word_1_132' title='bbox 1364 1689 1438 1750; x_wconf 88' lang='lat' dir='ltr'>(ium</span> <span class='ocrx_word' id='word_1_133' title='bbox 1456 1688 1526 1751; x_wconf 84' lang='lat' dir='ltr'>Rex</span> <span class='ocrx_word' id='word_1_134' title='bbox 1543 1687 1674 1749; x_wconf 78' lang='lat' dir='ltr'>duorum</span> <span class='ocrx_word' id='word_1_135' title='bbox 1689 1708 1737 1751; x_wconf 87' lang='lat' dir='ltr'>re·</span> 
     </span>
     <span class='ocr_line' id='line_1_14' title="bbox 368 1700 1737 1851; baseline 0.004 -26"><span class='ocrx_word' id='word_1_136' title='bbox 368 1782 522 1847; x_wconf 72' lang='lat' dir='ltr'>gramm,</span> <span class='ocrx_word' id='word_1_137' title='bbox 547 1782 603 1844; x_wconf 82' lang='lat' dir='ltr'>per</span> <span class='ocrx_word' id='word_1_138' title='bbox 615 1700 651 1844; x_wconf 68' lang='lat' dir='ltr'>se</span> <span class='ocrx_word' id='word_1_139' title='bbox 663 1763 830 1847; x_wconf 79' lang='lat' dir='ltr'>stantium,</span> <span class='ocrx_word' id='word_1_140' title='bbox 857 1780 877 1825; x_wconf 89' lang='lat' dir='ltr'>a</span> <span class='ocrx_word' id='word_1_141' title='bbox 899 1764 999 1827; x_wconf 88' lang='lat' dir='ltr'>Romo</span> <span class='ocrx_word' id='word_1_142' title='bbox 1019 1765 1088 1825; x_wconf 77' lang='lat' dir='ltr'>inae</span> <span class='ocrx_word' id='word_1_143' title='bbox 1109 1765 1299 1841; x_wconf 78' lang='lat' dir='ltr'>rudentium,</span> <span class='ocrx_word' id='word_1_144' title='bbox 1329 1768 1458 1851; x_wconf 80' lang='lat' dir='ltr'>suscepit</span> <span class='ocrx_word' id='word_1_145' title='bbox 1482 1773 1618 1851; x_wconf 87' lang='lat' dir='ltr'>regimen</span> <span class='ocrx_word' id='word_1_146' title='bbox 1643 1772 1737 1831; x_wconf 79' lang='lat' dir='ltr'>uniar</span> 
     </span>
     <span class='ocr_line' id='line_1_15' title="bbox 369 1784 1736 1933; baseline 0.007 -26"><span class='ocrx_word' id='word_1_147' title='bbox 369 1846 475 1918; x_wconf 80' lang='lat' dir='ltr'>oriris,</span> <span class='ocrx_word' id='word_1_148' title='bbox 507 1863 581 1907; x_wconf 90' lang='lat' dir='ltr'>cum</span> <span class='ocrx_word' id='word_1_149' title='bbox 599 1844 657 1906; x_wconf 91' lang='lat' dir='ltr'>suo</span> <span class='ocrx_word' id='word_1_150' title='bbox 676 1844 811 1917; x_wconf 88' lang='lat' dir='ltr'>ducatu,</span> <span class='ocrx_word' id='word_1_151' title='bbox 847 1784 1320 1911; x_wconf 75' lang='lat' dir='ltr'>&amp;vocetusersttommorum</span> <span class='ocrx_word' id='word_1_152' title='bbox 1340 1850 1529 1933; x_wconf 81' lang='lat' dir='ltr'>Imperator,</span> <span class='ocrx_word' id='word_1_153' title='bbox 1562 1852 1670 1933; x_wconf 84' lang='lat' dir='ltr'>paucis</span> <span class='ocrx_word' id='word_1_154' title='bbox 1691 1870 1736 1915; x_wconf 85' lang='lat' dir='ltr'>ex</span> 
     </span>
     <span class='ocr_line' id='line_1_16' title="bbox 369 1926 1622 2011; baseline 0.004 -22"><span class='ocrx_word' id='word_1_155' title='bbox 369 1926 437 1991; x_wconf 85' lang='lat' dir='ltr'>hoe</span> <span class='ocrx_word' id='word_1_156' title='bbox 451 1926 521 1989; x_wconf 87' lang='lat' dir='ltr'>solo</span> <span class='ocrx_word' id='word_1_157' title='bbox 533 1927 636 2009; x_wconf 86' lang='lat' dir='ltr'>capite</span> <span class='ocrx_word' id='word_1_158' title='bbox 651 1928 807 2009; x_wconf 86' lang='lat' dir='ltr'>impereue</span> <span class='ocrx_word' id='word_1_159' title='bbox 815 1968 825 2001; x_wconf 90' lang='lat'>,</span> <span class='ocrx_word' id='word_1_160' title='bbox 848 1946 908 1989; x_wconf 87' lang='lat' dir='ltr'>uec</span> <span class='ocrx_word' id='word_1_161' title='bbox 920 1937 1051 2011; x_wconf 86' lang='lat' dir='ltr'>propter</span> <span class='ocrx_word' id='word_1_162' title='bbox 1065 1926 1129 1990; x_wconf 86' lang='lat' dir='ltr'>hoc</span> <span class='ocrx_word' id='word_1_163' title='bbox 1142 1928 1334 2011; x_wconf 87' lang='lat' dir='ltr'>appellabilia</span> <span class='ocrx_word' id='word_1_164' title='bbox 1347 1933 1454 1995; x_wconf 76' lang='lat' dir='ltr'>mundi</span> <span class='ocrx_word' id='word_1_165' title='bbox 1471 1932 1622 1995; x_wconf 76' lang='lat' dir='ltr'>dominas.</span> 
     </span>
    </p>
   </div>
   <div class='ocr_carea' id='block_1_3' title="bbox 301 2041 1867 3270">
    <p class='ocr_par' dir='ltr' id='par_1_3' title="bbox 301 2041 1867 3270">
     <span class='ocr_line' id='line_1_17' title="bbox 301 2041 1813 2215; baseline -0.003 -22"><span class='ocrx_word' id='word_1_166' title='bbox 301 2044 331 2085; x_wconf 78' lang='lat'>&#39;&#39;</span> <span class='ocrx_word' id='word_1_167' title='bbox 349 2041 1260 2215; x_wconf 40' lang='lat' dir='ltr'>‘inituim‘tintinnire‘uitii</span> <span class='ocrx_word' id='word_1_168' title='bbox 1278 2044 1737 2215; x_wconf 54' lang='lat' dir='ltr'>iiiitttffinittsi</span> <span class='ocrx_word' id='word_1_169' title='bbox 1809 2110 1813 2115; x_wconf 86' lang='lat'><em>·</em></span> 
     </span>
     <span class='ocr_line' id='line_1_18' title="bbox 370 2204 1737 2292; baseline -0.001 -20"><span class='ocrx_word' id='word_1_170' title='bbox 370 2208 638 2292; x_wconf 79' lang='lat' dir='ltr'>Engoiismenlis:</span> <span class='ocrx_word' id='word_1_171' title='bbox 669 2215 758 2271; x_wconf 85' lang='lat' dir='ltr'>antea</span> <span class='ocrx_word' id='word_1_172' title='bbox 773 2204 914 2269; x_wconf 73' lang='lat' dir='ltr'>dominns</span> <span class='ocrx_word' id='word_1_173' title='bbox 931 2207 1056 2271; x_wconf 74' lang='lat' dir='ltr'>Carolus</span> <span class='ocrx_word' id='word_1_174' title='bbox 1072 2212 1237 2273; x_wconf 81' lang='lat' dir='ltr'>rotabatur</span> <span class='ocrx_word' id='word_1_175' title='bbox 1251 2212 1289 2274; x_wconf 80' lang='lat' dir='ltr'>ab</span> <span class='ocrx_word' id='word_1_176' title='bbox 1304 2210 1442 2273; x_wconf 86' lang='lat' dir='ltr'>omnibns</span> <span class='ocrx_word' id='word_1_177' title='bbox 1455 2208 1525 2273; x_wconf 85' lang='lat' dir='ltr'>Rex</span> <span class='ocrx_word' id='word_1_178' title='bbox 1538 2208 1737 2279; x_wconf 69' lang='lat' dir='ltr'>franeorum,</span> 
     </span>
     <span class='ocr_line' id='line_1_19' title="bbox 372 2288 1739 2376; baseline -0.004 -19"><span class='ocrx_word' id='word_1_179' title='bbox 372 2289 412 2357; x_wconf 68' lang='grc'><strong>8</strong></span> <span class='ocrx_word' id='word_1_180' title='bbox 432 2289 835 2374; x_wconf 68' lang='lat' dir='ltr'>Patriciuisomanorum</span> <span class='ocrx_word' id='word_1_181' title='bbox 860 2288 996 2371; x_wconf 73' lang='lat' dir='ltr'>scripuli</span> <span class='ocrx_word' id='word_1_182' title='bbox 1010 2290 1113 2353; x_wconf 70' lang='lat' dir='ltr'>murier</span> <span class='ocrx_word' id='word_1_183' title='bbox 1130 2309 1151 2354; x_wconf 90' lang='lat' dir='ltr'>a</span> <span class='ocrx_word' id='word_1_184' title='bbox 1166 2290 1287 2355; x_wconf 86' lang='lat' dir='ltr'>Damno</span> <span class='ocrx_word' id='word_1_185' title='bbox 1305 2292 1476 2376; x_wconf 81' lang='lat' dir='ltr'>Apostosiao</span> <span class='ocrx_word' id='word_1_186' title='bbox 1494 2310 1577 2355; x_wconf 89' lang='lat' dir='ltr'>more</span> <span class='ocrx_word' id='word_1_187' title='bbox 1596 2292 1739 2371; x_wconf 88' lang='lat' dir='ltr'>antiqua·</span> 
     </span>
     <span class='ocr_line' id='line_1_20' title="bbox 371 2366 1739 2511; baseline -0.001 -75"><span class='ocrx_word' id='word_1_188' title='bbox 371 2392 443 2437; x_wconf 86' lang='lat' dir='ltr'>rum</span> <span class='ocrx_word' id='word_1_189' title='bbox 459 2372 634 2453; x_wconf 76' lang='lat' dir='ltr'><strong><em>Principum</em></strong></span> <span class='ocrx_word' id='word_1_190' title='bbox 645 2369 862 2511; x_wconf 55' lang='lat' dir='ltr'>adoratmgi,</span> <span class='ocrx_word' id='word_1_191' title='bbox 886 2368 1192 2451; x_wconf 59' lang='lat' dir='ltr'>requerimoniam</span> <span class='ocrx_word' id='word_1_192' title='bbox 1207 2372 1336 2435; x_wconf 86' lang='lat' dir='ltr'>Patricii</span> <span class='ocrx_word' id='word_1_193' title='bbox 1348 2377 1477 2446; x_wconf 88' lang='lat' dir='ltr'>nomine,</span> <span class='ocrx_word' id='word_1_194' title='bbox 1495 2374 1677 2455; x_wconf 79' lang='lat' dir='ltr'>Imperator,</span> <span class='ocrx_word' id='word_1_195' title='bbox 1698 2366 1739 2435; x_wconf 64' lang='grc' dir='ltr'>Β</span> 
     </span>
     <span class='ocr_line' id='line_1_21' title="bbox 371 2450 1740 2539; baseline -0.001 -23"><span class='ocrx_word' id='word_1_196' title='bbox 371 2453 587 2539; x_wconf 69' lang='lat' dir='ltr'>Augurinus}</span> <span class='ocrx_word' id='word_1_197' title='bbox 599 2452 776 2534; x_wconf 80' lang='lat' dir='ltr'>appellatur.</span> <span class='ocrx_word' id='word_1_198' title='bbox 828 2450 916 2513; x_wconf 90' lang='lat' dir='ltr'>icunt</span> <span class='ocrx_word' id='word_1_199' title='bbox 926 2470 1041 2533; x_wconf 91' lang='lat' dir='ltr'>porro,</span> <span class='ocrx_word' id='word_1_200' title='bbox 1060 2452 1211 2515; x_wconf 88' lang='lat' dir='ltr'>Carolum</span> <span class='ocrx_word' id='word_1_201' title='bbox 1227 2454 1431 2517; x_wconf 81' lang='lat' dir='ltr'>constitutum</span> <span class='ocrx_word' id='word_1_202' title='bbox 1444 2452 1504 2516; x_wconf 88' lang='lat' dir='ltr'>esse</span> <span class='ocrx_word' id='word_1_203' title='bbox 1513 2452 1740 2535; x_wconf 88' lang='lat' dir='ltr'>Imperatorem</span> 
     </span>
     <span class='ocr_line' id='line_1_22' title="bbox 373 2530 1741 2615; baseline -0.004 -14"><span class='ocrx_word' id='word_1_204' title='bbox 373 2536 602 2608; x_wconf 79' lang='lat' dir='ltr'>Romanorum,</span> <span class='ocrx_word' id='word_1_205' title='bbox 624 2550 690 2594; x_wconf 90' lang='lat' dir='ltr'>non</span> <span class='ocrx_word' id='word_1_206' title='bbox 704 2532 831 2605; x_wconf 89' lang='lat' dir='ltr'>dicunt,</span> <span class='ocrx_word' id='word_1_207' title='bbox 852 2530 935 2593; x_wconf 78' lang='lat' dir='ltr'>orbis</span> <span class='ocrx_word' id='word_1_208' title='bbox 956 2530 1107 2605; x_wconf 85' lang='lat' dir='ltr'>Romani,</span> <span class='ocrx_word' id='word_1_209' title='bbox 1137 2532 1220 2595; x_wconf 88' lang='lat' dir='ltr'>clare</span> <span class='ocrx_word' id='word_1_210' title='bbox 1236 2534 1421 2607; x_wconf 80' lang='lat' dir='ltr'>innuentes,</span> <span class='ocrx_word' id='word_1_211' title='bbox 1449 2536 1615 2615; x_wconf 90' lang='lat' dir='ltr'>imperium</span> <span class='ocrx_word' id='word_1_212' title='bbox 1631 2532 1741 2596; x_wconf 84' lang='lat' dir='ltr'>Caroli</span> 
     </span>
     <span class='ocr_line' id='line_1_23' title="bbox 373 2608 1867 2698; baseline -0.005 -17"><span class='ocrx_word' id='word_1_213' title='bbox 373 2618 566 2691; x_wconf 79' lang='lat' dir='ltr'>Romanum,</span> <span class='ocrx_word' id='word_1_214' title='bbox 594 2632 660 2676; x_wconf 88' lang='lat' dir='ltr'>uon</span> <span class='ocrx_word' id='word_1_215' title='bbox 681 2610 711 2675; x_wconf 92' lang='lat' dir='ltr'>se</span> <span class='ocrx_word' id='word_1_216' title='bbox 733 2608 908 2675; x_wconf 78' lang='lat' dir='ltr'>extendisse</span> <span class='ocrx_word' id='word_1_217' title='bbox 925 2612 1095 2698; x_wconf 84' lang='lat' dir='ltr'>ustrafines</span> <span class='ocrx_word' id='word_1_218' title='bbox 1115 2613 1302 2677; x_wconf 70' lang='lat' dir='ltr'><strong><em>patriciatus</em></strong></span> <span class='ocrx_word' id='word_1_219' title='bbox 1316 2615 1471 2686; x_wconf 77' lang='lat' dir='ltr'>nonant,</span> <span class='ocrx_word' id='word_1_220' title='bbox 1504 2632 1598 2695; x_wconf 89' lang='lat' dir='ltr'>quem</span> <span class='ocrx_word' id='word_1_221' title='bbox 1640 2612 1743 2675; x_wconf 79' lang='lat' dir='ltr'>raehe·</span> <span class='ocrx_word' id='word_1_222' title='bbox 1861 2618 1867 2639; x_wconf 75' lang='lat'>⁸</span> 
     </span>
     <span class='ocr_line' id='line_1_24' title="bbox 372 2634 1740 2779; baseline -0.005 -16"><span class='ocrx_word' id='word_1_223' title='bbox 372 2700 504 2765; x_wconf 85' lang='lat' dir='ltr'>buerat:</span> <span class='ocrx_word' id='word_1_224' title='bbox 537 2696 649 2778; x_wconf 86' lang='lat' dir='ltr'>Neque</span> <span class='ocrx_word' id='word_1_225' title='bbox 662 2692 717 2759; x_wconf 91' lang='lat' dir='ltr'>ista</span> <span class='ocrx_word' id='word_1_226' title='bbox 734 2694 890 2757; x_wconf 87' lang='lat' dir='ltr'>exaltatio</span> <span class='ocrx_word' id='word_1_227' title='bbox 909 2694 1029 2757; x_wconf 85' lang='lat' dir='ltr'>Graecis</span> <span class='ocrx_word' id='word_1_228' title='bbox 1042 2693 1289 2778; x_wconf 76' lang='lat' dir='ltr'>imperatoribus</span> <span class='ocrx_word' id='word_1_229' title='bbox 1307 2697 1340 2758; x_wconf 90' lang='lat' dir='ltr'>e&#39;n</span> <span class='ocrx_word' id='word_1_230' title='bbox 1358 2696 1418 2757; x_wconf 87' lang='lat' dir='ltr'>ulio</span> <span class='ocrx_word' id='word_1_231' title='bbox 1433 2695 1493 2758; x_wconf 86' lang='lat' dir='ltr'>aiio</span> <span class='ocrx_word' id='word_1_232' title='bbox 1509 2634 1740 2779; x_wconf 65' lang='lat' dir='ltr'>praequiceve·</span> 
     </span>
     <span class='ocr_line' id='line_1_25' title="bbox 373 2774 1743 2864; baseline -0.004 -18"><span class='ocrx_word' id='word_1_233' title='bbox 373 2792 439 2854; x_wconf 87' lang='lat' dir='ltr'>rat,</span> <span class='ocrx_word' id='word_1_234' title='bbox 468 2799 563 2864; x_wconf 89' lang='lat' dir='ltr'>quam</span> <span class='ocrx_word' id='word_1_235' title='bbox 577 2778 763 2843; x_wconf 76' lang='lat' dir='ltr'>iuramento</span> <span class='ocrx_word' id='word_1_236' title='bbox 779 2777 904 2852; x_wconf 78' lang='lat' dir='ltr'>Romo,</span> <span class='ocrx_word' id='word_1_237' title='bbox 932 2796 1003 2840; x_wconf 89' lang='lat' dir='ltr'>cum</span> <span class='ocrx_word' id='word_1_238' title='bbox 1023 2779 1240 2860; x_wconf 85' lang='lat' dir='ltr'>appertinente</span> <span class='ocrx_word' id='word_1_239' title='bbox 1253 2778 1383 2842; x_wconf 87' lang='lat' dir='ltr'>modico</span> <span class='ocrx_word' id='word_1_240' title='bbox 1400 2775 1556 2848; x_wconf 72' lang='lat' dir='ltr'>districtu,</span> <span class='ocrx_word' id='word_1_241' title='bbox 1588 2774 1743 2859; x_wconf 75' lang='lat' dir='ltr'>&amp;quoad</span> 
     </span>
     <span class='ocr_line' id='line_1_26' title="bbox 374 2858 1742 2942; baseline -0.006 -14"><span class='ocrx_word' id='word_1_242' title='bbox 374 2865 501 2928; x_wconf 88' lang='lat' dir='ltr'>inanem</span> <span class='ocrx_word' id='word_1_243' title='bbox 518 2880 628 2923; x_wconf 87' lang='lat' dir='ltr'>eorum</span> <span class='ocrx_word' id='word_1_244' title='bbox 642 2859 910 2942; x_wconf 75' lang='lat' dir='ltr'>superioritatem,</span> <span class='ocrx_word' id='word_1_245' title='bbox 929 2877 1022 2941; x_wconf 89' lang='lat' dir='ltr'>quam</span> <span class='ocrx_word' id='word_1_246' title='bbox 1038 2860 1272 2941; x_wconf 86' lang='lat' dir='ltr'>praetendebant</span> <span class='ocrx_word' id='word_1_247' title='bbox 1285 2859 1387 2922; x_wconf 88' lang='lat' dir='ltr'>adhuc</span> <span class='ocrx_word' id='word_1_248' title='bbox 1400 2861 1433 2922; x_wconf 91' lang='lat' dir='ltr'>in</span> <span class='ocrx_word' id='word_1_249' title='bbox 1447 2867 1543 2922; x_wconf 86' lang='lat' dir='ltr'>totum</span> <span class='ocrx_word' id='word_1_250' title='bbox 1556 2858 1742 2931; x_wconf 80' lang='lat' dir='ltr'>occidentem,</span> 
     </span>
     <span class='ocr_line' id='line_1_27' title="bbox 376 2937 1742 3028; baseline -0.004 -22"><span class='ocrx_word' id='word_1_251' title='bbox 376 2947 439 3028; x_wconf 75' lang='lat' dir='ltr'>jam</span> <span class='ocrx_word' id='word_1_252' title='bbox 454 2945 537 3006; x_wconf 86' lang='lat' dir='ltr'>inter</span> <span class='ocrx_word' id='word_1_253' title='bbox 549 2943 630 3006; x_wconf 87' lang='lat' dir='ltr'>aliua</span> <span class='ocrx_word' id='word_1_254' title='bbox 644 2952 837 3021; x_wconf 83' lang='lat' dir='ltr'>occupantes</span> <span class='ocrx_word' id='word_1_255' title='bbox 852 2939 1067 3015; x_wconf 71' lang='lat' dir='ltr'>distributum</span> <span class='ocrx_word' id='word_1_256' title='bbox 1089 2937 1123 3002; x_wconf 73' lang='grc' dir='ltr'>δι</span> <span class='ocrx_word' id='word_1_257' title='bbox 1138 2952 1267 3004; x_wconf 89' lang='lat' dir='ltr'>eatenua</span> <span class='ocrx_word' id='word_1_258' title='bbox 1282 2939 1364 3006; x_wconf 76' lang='lat' dir='ltr'>sasta</span> <span class='ocrx_word' id='word_1_259' title='bbox 1380 2939 1423 3004; x_wconf 86' lang='lat' dir='ltr'>est</span> <span class='ocrx_word' id='word_1_260' title='bbox 1437 2959 1508 3004; x_wconf 87' lang='lat' dir='ltr'>cum</span> <span class='ocrx_word' id='word_1_261' title='bbox 1525 2939 1637 3022; x_wconf 78' lang='lat' dir='ltr'>graecia</span> <span class='ocrx_word' id='word_1_262' title='bbox 1651 2957 1742 3001; x_wconf 89' lang='lat' dir='ltr'>com-</span> 
     </span>
     <span class='ocr_line' id='line_1_28' title="bbox 376 3022 1743 3110; baseline -0.005 -22"><span class='ocrx_word' id='word_1_263' title='bbox 376 3026 514 3110; x_wconf 82' lang='lat' dir='ltr'>positio:</span> <span class='ocrx_word' id='word_1_264' title='bbox 550 3025 625 3087; x_wconf 86' lang='lat' dir='ltr'>Cum</span> <span class='ocrx_word' id='word_1_265' title='bbox 638 3022 737 3085; x_wconf 81' lang='lat' dir='ltr'>Leone</span> <span class='ocrx_word' id='word_1_266' title='bbox 755 3023 881 3085; x_wconf 82' lang='lat' dir='ltr'>Coresus</span> <span class='ocrx_word' id='word_1_267' title='bbox 894 3041 995 3103; x_wconf 88' lang='lat' dir='ltr'>parem</span> <span class='ocrx_word' id='word_1_268' title='bbox 1031 3031 1185 3105; x_wconf 82' lang='lat' dir='ltr'>erpetuam</span> <span class='ocrx_word' id='word_1_269' title='bbox 1200 3027 1366 3106; x_wconf 82' lang='lat' dir='ltr'>componit,</span> <span class='ocrx_word' id='word_1_270' title='bbox 1389 3031 1424 3086; x_wconf 86' lang='lat' dir='ltr'>ut</span> <span class='ocrx_word' id='word_1_271' title='bbox 1437 3040 1556 3106; x_wconf 73' lang='lat' dir='ltr'>graius</span> <span class='ocrx_word' id='word_1_272' title='bbox 1569 3022 1743 3104; x_wconf 85' lang='lat' dir='ltr'>imperator</span> 
     </span>
     <span class='ocr_line' id='line_1_29' title="bbox 378 3041 1745 3187; baseline -0.004 -16"><span class='ocrx_word' id='word_1_273' title='bbox 378 3113 538 3177; x_wconf 80' lang='lat' dir='ltr'>orientem,</span> <span class='ocrx_word' id='word_1_274' title='bbox 561 3105 686 3169; x_wconf 70' lang='lat' dir='ltr'>Carolus</span> <span class='ocrx_word' id='word_1_275' title='bbox 700 3123 788 3176; x_wconf 89' lang='lat' dir='ltr'>uero,</span> <span class='ocrx_word' id='word_1_276' title='bbox 798 3041 1108 3187; x_wconf 61' lang='lat' dir='ltr'>suiquesureeso‘rer,</span> <span class='ocrx_word' id='word_1_277' title='bbox 1131 3104 1273 3170; x_wconf 77' lang='lat' dir='ltr'>tranem</span> <span class='ocrx_word' id='word_1_278' title='bbox 1288 3104 1436 3179; x_wconf 86' lang='lat' dir='ltr'>Romam,</span> <span class='ocrx_word' id='word_1_279' title='bbox 1458 3123 1523 3169; x_wconf 87' lang='lat' dir='ltr'>rum</span> <span class='ocrx_word' id='word_1_280' title='bbox 1536 3112 1599 3168; x_wconf 87' lang='lat' dir='ltr'>toto</span> <span class='ocrx_word' id='word_1_281' title='bbox 1612 3101 1745 3169; x_wconf 74' lang='lat' dir='ltr'>arriden-</span> 
     </span>
     <span class='ocr_line' id='line_1_30' title="bbox 378 3183 1018 3270; baseline -0.017 -14"><span class='ocrx_word' id='word_1_282' title='bbox 378 3197 417 3268; x_wconf 86' lang='lat' dir='ltr'>te,</span> <span class='ocrx_word' id='word_1_283' title='bbox 438 3189 541 3254; x_wconf 87' lang='lat' dir='ltr'>scribit</span> <span class='ocrx_word' id='word_1_284' title='bbox 556 3185 715 3270; x_wconf 77' lang='lat' dir='ltr'>Goaefrid.</span> <span class='ocrx_word' id='word_1_285' title='bbox 735 3183 849 3250; x_wconf 85' lang='lat' dir='ltr'>Viterb.</span> <span class='ocrx_word' id='word_1_286' title='bbox 862 3203 934 3267; x_wconf 82' lang='lat' dir='ltr'>pag.</span> <span class='ocrx_word' id='word_1_287' title='bbox 946 3203 1018 3268; x_wconf 71' lang='lat'><strong>457.</strong></span> 
     </span>
    </p>
   </div>
   <div class='ocr_carea' id='block_1_4' title="bbox 306 3287 1748 3549">
    <p class='ocr_par' dir='ltr' id='par_1_4' title="bbox 306 3287 1748 3549">
     <span class='ocr_line' id='line_1_31' title="bbox 306 3287 1748 3389; baseline 0 -19"><span class='ocrx_word' id='word_1_288' title='bbox 306 3293 356 3343; x_wconf 53' lang='grc' dir='ltr'><strong>Μ</strong></span> <span class='ocrx_word' id='word_1_289' title='bbox 363 3287 511 3371; x_wconf 86' lang='lat' dir='ltr'>Carolum</span> <span class='ocrx_word' id='word_1_290' title='bbox 524 3323 591 3366; x_wconf 91' lang='lat' dir='ltr'>nou</span> <span class='ocrx_word' id='word_1_291' title='bbox 604 3303 768 3368; x_wconf 85' lang='lat' dir='ltr'>constituit</span> <span class='ocrx_word' id='word_1_292' title='bbox 780 3301 1006 3386; x_wconf 83' lang='lat' dir='ltr'>Imperatorem</span> <span class='ocrx_word' id='word_1_293' title='bbox 1015 3300 1071 3386; x_wconf 84' lang='lat' dir='ltr'>sui</span> <span class='ocrx_word' id='word_1_294' title='bbox 1083 3301 1152 3367; x_wconf 87' lang='lat' dir='ltr'>Leo</span> <span class='ocrx_word' id='word_1_295' title='bbox 1159 3301 1239 3379; x_wconf 84' lang='lat'>111.;</span> <span class='ocrx_word' id='word_1_296' title='bbox 1262 3323 1365 3389; x_wconf 89' lang='lat' dir='ltr'>neque</span> <span class='ocrx_word' id='word_1_297' title='bbox 1384 3303 1450 3368; x_wconf 85' lang='lat' dir='ltr'>hoo</span> <span class='ocrx_word' id='word_1_298' title='bbox 1468 3302 1645 3375; x_wconf 85' lang='lat' dir='ltr'>evincitur,</span> <span class='ocrx_word' id='word_1_299' title='bbox 1676 3299 1748 3370; x_wconf 78' lang='lat' dir='ltr'>sivo</span> 
     </span>
     <span class='ocr_line' id='line_1_32' title="bbox 381 3383 1745 3464; baseline -0.004 -12"><span class='ocrx_word' id='word_1_300' title='bbox 381 3409 423 3452; x_wconf 87' lang='lat' dir='ltr'>err</span> <span class='ocrx_word' id='word_1_301' title='bbox 437 3387 622 3450; x_wconf 79' lang='lat' dir='ltr'>adoratione</span> <span class='ocrx_word' id='word_1_302' title='bbox 642 3385 824 3458; x_wconf 80' lang='lat' dir='ltr'>Pontificio,</span> <span class='ocrx_word' id='word_1_303' title='bbox 849 3383 917 3448; x_wconf 87' lang='lat' dir='ltr'>five</span> <span class='ocrx_word' id='word_1_304' title='bbox 932 3405 976 3448; x_wconf 85' lang='lat' dir='ltr'>ex</span> <span class='ocrx_word' id='word_1_305' title='bbox 991 3387 1123 3448; x_wconf 83' lang='lat' dir='ltr'>dextera</span> <span class='ocrx_word' id='word_1_306' title='bbox 1138 3406 1231 3449; x_wconf 84' lang='lat' dir='ltr'>manu</span> <span class='ocrx_word' id='word_1_307' title='bbox 1246 3387 1364 3451; x_wconf 90' lang='lat' dir='ltr'>Carolo</span> <span class='ocrx_word' id='word_1_308' title='bbox 1377 3387 1471 3460; x_wconf 84' lang='lat' dir='ltr'>data,</span> <span class='ocrx_word' id='word_1_309' title='bbox 1496 3385 1569 3448; x_wconf 82' lang='lat' dir='ltr'>dum</span> <span class='ocrx_word' id='word_1_310' title='bbox 1584 3383 1745 3464; x_wconf 55' lang='lat' dir='ltr'>ingredia</span> 
     </span>
     <span class='ocr_line' id='line_1_33' title="bbox 379 3463 1744 3549; baseline -0.009 -14"><span class='ocrx_word' id='word_1_311' title='bbox 379 3471 472 3535; x_wconf 88' lang='lat' dir='ltr'>batur</span> <span class='ocrx_word' id='word_1_312' title='bbox 487 3469 663 3531; x_wconf 83' lang='lat' dir='ltr'>vaticanam</span> <span class='ocrx_word' id='word_1_313' title='bbox 679 3466 860 3530; x_wconf 83' lang='lat' dir='ltr'>Ecclesiam.</span> <span class='ocrx_word' id='word_1_314' title='bbox 902 3467 1036 3530; x_wconf 85' lang='lat' dir='ltr'>Carolus</span> <span class='ocrx_word' id='word_1_315' title='bbox 1051 3487 1116 3528; x_wconf 90' lang='lat' dir='ltr'>non</span> <span class='ocrx_word' id='word_1_316' title='bbox 1133 3479 1199 3530; x_wconf 89' lang='lat' dir='ltr'>erat</span> <span class='ocrx_word' id='word_1_317' title='bbox 1211 3469 1341 3549; x_wconf 85' lang='lat' dir='ltr'>majoris</span> <span class='ocrx_word' id='word_1_318' title='bbox 1354 3467 1547 3531; x_wconf 75' lang='lat' dir='ltr'>extensionis</span> <span class='ocrx_word' id='word_1_319' title='bbox 1562 3463 1744 3546; x_wconf 82' lang='lat' dir='ltr'>Imperator,</span> 
     </span>
    </p>
   </div>
   <div class='ocr_carea' id='block_1_5' title="bbox 380 3537 1948 3634">
    <p class='ocr_par' dir='ltr' id='par_1_5' title="bbox 380 3537 1948 3634">
     <span class='ocr_line' id='line_1_34' title="bbox 380 3537 1948 3634; baseline -0.005 -21"><span class='ocrx_word' id='word_1_320' title='bbox 380 3570 473 3634; x_wconf 85' lang='lat' dir='ltr'>quam</span> <span class='ocrx_word' id='word_1_321' title='bbox 486 3559 559 3610; x_wconf 90' lang='lat' dir='ltr'>ante</span> <span class='ocrx_word' id='word_1_322' title='bbox 572 3549 630 3612; x_wconf 87' lang='lat' dir='ltr'>hac</span> <span class='ocrx_word' id='word_1_323' title='bbox 647 3549 815 3620; x_wconf 85' lang='lat' dir='ltr'>Patricius,</span> <span class='ocrx_word' id='word_1_324' title='bbox 848 3546 977 3610; x_wconf 78' lang='lat' dir='ltr'>&amp;ficut</span> <span class='ocrx_word' id='word_1_325' title='bbox 990 3547 1021 3611; x_wconf 87' lang='lat' dir='ltr'>se</span> <span class='ocrx_word' id='word_1_326' title='bbox 1040 3548 1154 3634; x_wconf 80' lang='lat' dir='ltr'>scripsit</span> <span class='ocrx_word' id='word_1_327' title='bbox 1171 3551 1247 3612; x_wconf 84' lang='lat' dir='ltr'>alias</span> <span class='ocrx_word' id='word_1_328' title='bbox 1265 3551 1472 3612; x_wconf 81' lang='lat' dir='ltr'>Romanorum</span> <span class='ocrx_word' id='word_1_329' title='bbox 1489 3547 1668 3618; x_wconf 77' lang='lat' dir='ltr'>Patricium,</span> <span class='ocrx_word' id='word_1_330' title='bbox 1697 3545 1744 3607; x_wconf 84' lang='lat' dir='ltr'>ite</span> <span class='ocrx_word' id='word_1_331' title='bbox 1879 3617 1888 3624; x_wconf 45' lang='grc'><strong>,</strong></span> <span class='ocrx_word' id='word_1_332' title='bbox 1941 3537 1948 3544; x_wconf 75' lang='grc'><strong><em>’</em></strong></span> 
     </span>
    </p>
   </div>
   <div class='ocr_carea' id='block_1_6' title="bbox 378 3626 1743 3879">
    <p class='ocr_par' dir='ltr' id='par_1_6' title="bbox 378 3626 1743 3879">
     <span class='ocr_line' id='line_1_35' title="bbox 378 3626 1742 3718; baseline -0.007 -23"><span class='ocrx_word' id='word_1_333' title='bbox 378 3633 488 3718; x_wconf 81' lang='lat' dir='ltr'>postea</span> <span class='ocrx_word' id='word_1_334' title='bbox 509 3633 717 3693; x_wconf 79' lang='lat' dir='ltr'>Romanorum</span> <span class='ocrx_word' id='word_1_335' title='bbox 733 3631 949 3712; x_wconf 78' lang='lat' dir='ltr'>gubernantem</span> <span class='ocrx_word' id='word_1_336' title='bbox 964 3634 1135 3710; x_wconf 85' lang='lat' dir='ltr'>imperinm.</span> <span class='ocrx_word' id='word_1_337' title='bbox 1189 3631 1305 3697; x_wconf 85' lang='lat' dir='ltr'>Nullus</span> <span class='ocrx_word' id='word_1_338' title='bbox 1324 3632 1403 3714; x_wconf 89' lang='lat' dir='ltr'>Papa</span> <span class='ocrx_word' id='word_1_339' title='bbox 1425 3629 1572 3693; x_wconf 82' lang='lat' dir='ltr'>Carnium</span> <span class='ocrx_word' id='word_1_340' title='bbox 1590 3626 1742 3698; x_wconf 86' lang='lat' dir='ltr'>vocavit,</span> 
     </span>
     <span class='ocr_line' id='line_1_36' title="bbox 382 3706 1743 3798; baseline -0.007 -20"><span class='ocrx_word' id='word_1_341' title='bbox 382 3715 551 3778; x_wconf 84' lang='lat' dir='ltr'>Patricium</span> <span class='ocrx_word' id='word_1_342' title='bbox 566 3713 712 3774; x_wconf 79' lang='lat' dir='ltr'>Romano</span> <span class='ocrx_word' id='word_1_343' title='bbox 729 3712 880 3794; x_wconf 73' lang='lat' dir='ltr'>Ernesto,</span> <span class='ocrx_word' id='word_1_344' title='bbox 902 3710 952 3774; x_wconf 87' lang='lat' dir='ltr'>sed</span> <span class='ocrx_word' id='word_1_345' title='bbox 968 3713 1181 3787; x_wconf 77' lang='lat' dir='ltr'>Advocatum,</span> <span class='ocrx_word' id='word_1_346' title='bbox 1208 3731 1244 3779; x_wconf 84' lang='lat' dir='ltr'>aa</span> <span class='ocrx_word' id='word_1_347' title='bbox 1263 3711 1462 3798; x_wconf 78' lang='lat' dir='ltr'>defensorem,</span> <span class='ocrx_word' id='word_1_348' title='bbox 1491 3710 1545 3796; x_wconf 90' lang='lat' dir='ltr'>qui</span> <span class='ocrx_word' id='word_1_349' title='bbox 1560 3706 1743 3774; x_wconf 82' lang='lat' dir='ltr'>nominandi</span> 
     </span>
     <span class='ocr_line' id='line_1_37' title="bbox 380 3793 1157 3879; baseline -0.004 -17"><span class='ocrx_word' id='word_1_350' title='bbox 380 3796 482 3878; x_wconf 80' lang='lat' dir='ltr'>stylus</span> <span class='ocrx_word' id='word_1_351' title='bbox 497 3795 607 3858; x_wconf 87' lang='lat' dir='ltr'>mansit</span> <span class='ocrx_word' id='word_1_352' title='bbox 621 3793 691 3879; x_wconf 85' lang='lat' dir='ltr'>post</span> <span class='ocrx_word' id='word_1_353' title='bbox 704 3795 946 3860; x_wconf 87' lang='lat' dir='ltr'>coronationem</span> <span class='ocrx_word' id='word_1_354' title='bbox 959 3812 1060 3877; x_wconf 78' lang='lat' dir='ltr'>usque</span> <span class='ocrx_word' id='word_1_355' title='bbox 1074 3796 1137 3859; x_wconf 89' lang='lat' dir='ltr'>huc</span> <span class='ocrx_word' id='word_1_356' title='bbox 1145 3813 1157 3870; x_wconf 75' lang='lat'>5</span> 
     </span>
    </p>
   </div>
   <div class='ocr_carea' id='block_1_7' title="bbox 902 4009 1114 4102">
    <p class='ocr_par' dir='ltr' id='par_1_7' title="bbox 902 4009 1114 4102">
     <span class='ocr_line' id='line_1_38' title="bbox 902 4009 1114 4102; baseline 0.009 -20"><span class='ocrx_word' id='word_1_357' title='bbox 902 4013 933 4102; x_wconf 68' lang='lat' dir='ltr'>a.</span> <span class='ocrx_word' id='word_1_358' title='bbox 981 4009 1114 4084; x_wconf 83' lang='lat' dir='ltr'><strong>xxv.</strong></span> 
     </span>
    </p>
   </div>
   <div class='ocr_carea' id='block_1_8' title="bbox 276 4138 1831 4530">
    <p class='ocr_par' dir='ltr' id='par_1_8' title="bbox 276 4138 1831 4530">
     <span class='ocr_line' id='line_1_39' title="bbox 387 4138 1831 4237; baseline 0.001 -23"><span class='ocrx_word' id='word_1_359' title='bbox 387 4138 594 4237; x_wconf 73' lang='lat' dir='ltr'>subsequens</span> <span class='ocrx_word' id='word_1_360' title='bbox 612 4161 832 4226; x_wconf 73' lang='lat' dir='ltr'>euremarus,</span> <span class='ocrx_word' id='word_1_361' title='bbox 862 4143 1040 4216; x_wconf 79' lang='lat' dir='ltr'>excitatura</span> <span class='ocrx_word' id='word_1_362' title='bbox 1059 4142 1165 4237; x_wconf 81' lang='lat' dir='ltr'>magis</span> <span class='ocrx_word' id='word_1_363' title='bbox 1179 4149 1382 4215; x_wconf 80' lang='lat' dir='ltr'>Romanarum</span> <span class='ocrx_word' id='word_1_364' title='bbox 1405 4147 1634 4234; x_wconf 75' lang='lat' dir='ltr'>imperatorem,</span> <span class='ocrx_word' id='word_1_365' title='bbox 1659 4139 1746 4237; x_wconf 70' lang='lat' dir='ltr'>ejus·</span> <span class='ocrx_word' id='word_1_366' title='bbox 1823 4175 1831 4182; x_wconf 91' lang='lat'><em>·</em></span> 
     </span>
     <span class='ocr_line' id='line_1_40' title="bbox 276 4232 1745 4336; baseline 0.001 -26"><span class='ocrx_word' id='word_1_367' title='bbox 276 4259 339 4336; x_wconf 73' lang='lat' dir='ltr'>que</span> <span class='ocrx_word' id='word_1_368' title='bbox 353 4241 541 4335; x_wconf 88' lang='lat' dir='ltr'>Imperium</span> <span class='ocrx_word' id='word_1_369' title='bbox 555 4239 827 4329; x_wconf 78' lang='lat' dir='ltr'>commensuratum</span> <span class='ocrx_word' id='word_1_370' title='bbox 842 4243 1042 4334; x_wconf 82' lang='lat' dir='ltr'>Pontificatus</span> <span class='ocrx_word' id='word_1_371' title='bbox 1056 4247 1185 4312; x_wconf 83' lang='lat' dir='ltr'>Romani</span> <span class='ocrx_word' id='word_1_372' title='bbox 1200 4245 1377 4325; x_wconf 79' lang='lat' dir='ltr'>latitudini,</span> <span class='ocrx_word' id='word_1_373' title='bbox 1401 4238 1488 4308; x_wconf 87' lang='lat' dir='ltr'>aiiud</span> <span class='ocrx_word' id='word_1_374' title='bbox 1505 4232 1585 4308; x_wconf 83' lang='lat' dir='ltr'>fecit</span> <span class='ocrx_word' id='word_1_375' title='bbox 1597 4235 1745 4334; x_wconf 83' lang='lat' dir='ltr'>systema,</span> 
     </span>
     <span class='ocr_line' id='line_1_41' title="bbox 277 4333 1748 4434; baseline 0.002 -28"><span class='ocrx_word' id='word_1_376' title='bbox 277 4341 306 4408; x_wconf 88' lang='lat' dir='ltr'>ir</span> <span class='ocrx_word' id='word_1_377' title='bbox 322 4342 450 4408; x_wconf 76' lang='lat' dir='ltr'>Daniele</span> <span class='ocrx_word' id='word_1_378' title='bbox 466 4335 549 4408; x_wconf 86' lang='lat' dir='ltr'>benc</span> <span class='ocrx_word' id='word_1_379' title='bbox 564 4333 783 4418; x_wconf 79' lang='lat' dir='ltr'>fundatum&#39;,</span> <span class='ocrx_word' id='word_1_380' title='bbox 814 4361 935 4434; x_wconf 89' lang='lat' dir='ltr'>nempe</span> <span class='ocrx_word' id='word_1_381' title='bbox 957 4341 994 4408; x_wconf 81' lang='lat' dir='ltr'>ie</span> <span class='ocrx_word' id='word_1_382' title='bbox 1016 4363 1105 4430; x_wconf 85' lang='lat' dir='ltr'>regne</span> <span class='ocrx_word' id='word_1_383' title='bbox 1127 4345 1312 4423; x_wconf 71' lang='lat' dir='ltr'>seriarum,</span> <span class='ocrx_word' id='word_1_384' title='bbox 1343 4339 1376 4408; x_wconf 87' lang='lat' dir='ltr'>in</span> <span class='ocrx_word' id='word_1_385' title='bbox 1398 4357 1556 4408; x_wconf 83' lang='lat' dir='ltr'>arternum</span> <span class='ocrx_word' id='word_1_386' title='bbox 1573 4334 1748 4423; x_wconf 86' lang='lat' dir='ltr'>duraturo,</span> 
     </span>
     <span class='ocr_line' id='line_1_42' title="bbox 277 4434 1167 4530; baseline 0.007 -27"><span class='ocrx_word' id='word_1_387' title='bbox 277 4453 374 4530; x_wconf 85' lang='lat' dir='ltr'>arque</span> <span class='ocrx_word' id='word_1_388' title='bbox 397 4439 481 4507; x_wconf 89' lang='lat' dir='ltr'>imre</span> <span class='ocrx_word' id='word_1_389' title='bbox 496 4437 526 4520; x_wconf 81' lang='lat' dir='ltr'>(e</span> <span class='ocrx_word' id='word_1_390' title='bbox 539 4457 631 4528; x_wconf 85' lang='lat' dir='ltr'>regne</span> <span class='ocrx_word' id='word_1_391' title='bbox 644 4434 749 4504; x_wconf 78' lang='lat' dir='ltr'>mundi</span> <span class='ocrx_word' id='word_1_392' title='bbox 769 4435 937 4524; x_wconf 77' lang='lat' dir='ltr'>christiane</span> <span class='ocrx_word' id='word_1_393' title='bbox 951 4441 1167 4530; x_wconf 74' lang='lat' dir='ltr'>rempieiienre.</span> 
     </span>
    </p>
   </div>
   <div class='ocr_carea' id='block_1_9' title="bbox 315 4591 1753 4748">
    <p class='ocr_par' dir='ltr' id='par_1_9' title="bbox 315 4591 1753 4748">
     <span class='ocr_line' id='line_1_43' title="bbox 315 4591 1753 4748; baseline -0.003 -82"><span class='ocrx_word' id='word_1_394' title='bbox 315 4591 333 4636; x_wconf 71' lang='lat'><strong><em>⁶</em></strong></span> <span class='ocrx_word' id='word_1_395' title='bbox 352 4599 503 4714; x_wconf 34' lang='lat' dir='ltr'>Dant-1</span> <span class='ocrx_word' id='word_1_396' title='bbox 513 4620 552 4679; x_wconf 79' lang='lat' dir='ltr'>u,</span> <span class='ocrx_word' id='word_1_397' title='bbox 579 4599 655 4686; x_wconf 73' lang='lat' dir='ltr'>cip.</span> <span class='ocrx_word' id='word_1_398' title='bbox 669 4616 700 4667; x_wconf 83' lang='lat' dir='ltr'>a.</span> <span class='ocrx_word' id='word_1_399' title='bbox 715 4617 751 4666; x_wconf 81' lang='lat' dir='ltr'>v.</span> <span class='ocrx_word' id='word_1_400' title='bbox 762 4616 815 4688; x_wconf 80' lang='lat'>34.</span> <span class='ocrx_word' id='word_1_401' title='bbox 848 4595 1004 4686; x_wconf 69' lang='lat' dir='ltr'>Airnffur</span> <span class='ocrx_word' id='word_1_402' title='bbox 1016 4597 1055 4684; x_wconf 76' lang='lat' dir='ltr'>est</span> <span class='ocrx_word' id='word_1_403' title='bbox 1045 4597 1158 4748; x_wconf 45' lang='lat' dir='ltr'>inpia</span> <span class='ocrx_word' id='word_1_404' title='bbox 1161 4597 1197 4662; x_wconf 82' lang='lat' dir='ltr'>ie</span> <span class='ocrx_word' id='word_1_405' title='bbox 1212 4603 1312 4664; x_wconf 89' lang='lat' dir='ltr'>monte</span> <span class='ocrx_word' id='word_1_406' title='bbox 1317 4594 1382 4681; x_wconf 82' lang='lat' dir='ltr'>fine</span> <span class='ocrx_word' id='word_1_407' title='bbox 1393 4598 1551 4680; x_wconf 79' lang='lat' dir='ltr'>maniitu,</span> <span class='ocrx_word' id='word_1_408' title='bbox 1566 4597 1607 4669; x_wconf 74' lang='lat' dir='ltr'>tr</span> <span class='ocrx_word' id='word_1_409' title='bbox 1615 4617 1730 4745; x_wconf 51' lang='grc' dir='ltr'><em>μηιωα</em></span> <span class='ocrx_word' id='word_1_410' title='bbox 1738 4605 1753 4662; x_wconf 87' lang='lat' dir='ltr'>t</span> 
     </span>
    </p>
   </div>
   <div class='ocr_carea' id='block_1_10' title="bbox 0 0 2280 5550">
    <p class='ocr_par' dir='ltr' id='par_1_10' title="bbox 0 0 2280 5550">
     <span class='ocr_line' id='line_1_44' title="bbox 0 0 2280 5550; baseline 0 0"><span class='ocrx_word' id='word_1_411' title='bbox 0 0 2280 5550; x_wconf 95' lang='lat' dir='ltr'> </span> 
     </span>
    </p>
   </div>
  </div>
 </body>
</html>
