<?xml version="1.0" encoding="UTF-8"?>
<!DOCTYPE html PUBLIC "-//W3C//DTD XHTML 1.0 Transitional//EN"
    "http://www.w3.org/TR/xhtml1/DTD/xhtml1-transitional.dtd">
<html xmlns="http://www.w3.org/1999/xhtml" xml:lang="en" lang="en">
 <head>
  <title>
</title>
<meta http-equiv="Content-Type" content="text/html;charset=utf-8" />
  <meta name='ocr-system' content='tesseract 3.04.00' />
  <meta name='ocr-capabilities' content='ocr_page ocr_carea ocr_par ocr_line ocrx_word'/>
</head>
<body>
  <div class='ocr_page' id='page_1' title='image "./thesavrvsivrise02schmgoog_0426.png"; bbox 0 0 4509 5550; ppageno 0'>
   <div class='ocr_carea' id='block_1_1' title="bbox 327 523 1898 698">
    <p class='ocr_par' dir='ltr' id='par_1_1' title="bbox 327 523 1898 698">
     <span class='ocr_line' id='line_1_1' title="bbox 327 523 1898 698; baseline -0.001 -38"><span class='ocrx_word' id='word_1_1' title='bbox 327 615 333 622; x_wconf 93' lang='lat'><em>-</em></span> <span class='ocrx_word' id='word_1_2' title='bbox 415 593 420 606; x_wconf 56' lang='lat'>=</span> <span class='ocrx_word' id='word_1_3' title='bbox 452 679 459 698; x_wconf 43' lang='lat'>‚</span> <span class='ocrx_word' id='word_1_4' title='bbox 542 613 618 689; x_wconf 76' lang='lat'>414</span> <span class='ocrx_word' id='word_1_5' title='bbox 672 523 795 662; x_wconf 65' lang='lat' dir='ltr'>uus.</span> <span class='ocrx_word' id='word_1_6' title='bbox 813 582 883 660; x_wconf 85' lang='lat' dir='ltr'>ua</span> <span class='ocrx_word' id='word_1_7' title='bbox 908 542 1157 661; x_wconf 77' lang='lat' dir='ltr'>vrsrtcus</span> <span class='ocrx_word' id='word_1_8' title='bbox 1181 568 1453 680; x_wconf 83' lang='lat' dir='ltr'>Junrsutcr.</span> <span class='ocrx_word' id='word_1_9' title='bbox 1479 575 1794 656; x_wconf 80' lang='lat' dir='ltr'>rcccnstnsr.</span> <span class='ocrx_word' id='word_1_10' title='bbox 1824 555 1898 693; x_wconf 77' lang='lat' dir='ltr'>uc.</span> 
     </span>
    </p>
   </div>
   <div class='ocr_carea' id='block_1_2' title="bbox 419 759 2022 1156">
    <p class='ocr_par' dir='ltr' id='par_1_2' title="bbox 419 759 2022 1156">
     <span class='ocr_line' id='line_1_2' title="bbox 543 759 2021 867; baseline -0.004 -27"><span class='ocrx_word' id='word_1_11' title='bbox 543 766 625 867; x_wconf 89' lang='lat' dir='ltr'>quid</span> <span class='ocrx_word' id='word_1_12' title='bbox 640 766 681 838; x_wconf 89' lang='lat' dir='ltr'>ad</span> <span class='ocrx_word' id='word_1_13' title='bbox 696 765 851 839; x_wconf 82' lang='lat' dir='ltr'>exercitia</span> <span class='ocrx_word' id='word_1_14' title='bbox 868 764 1052 856; x_wconf 81' lang='lat' dir='ltr'>Religionis</span> <span class='ocrx_word' id='word_1_15' title='bbox 1069 759 1223 835; x_wconf 86' lang='lat' dir='ltr'>obeunda</span> <span class='ocrx_word' id='word_1_16' title='bbox 1238 759 1374 835; x_wconf 87' lang='lat' dir='ltr'>subditis</span> <span class='ocrx_word' id='word_1_17' title='bbox 1395 759 1566 860; x_wconf 84' lang='lat' dir='ltr'>permittit</span> <span class='ocrx_word' id='word_1_18' title='bbox 1579 763 1896 842; x_wconf 65' lang='lat' dir='ltr'>susurremus,</span> <span class='ocrx_word' id='word_1_19' title='bbox 1921 759 2021 858; x_wconf 86' lang='lat' dir='ltr'>idque</span> 
     </span>
     <span class='ocr_line' id='line_1_3' title="bbox 419 852 2021 959; baseline -0.006 -20"><span class='ocrx_word' id='word_1_20' title='bbox 419 877 432 890; x_wconf 72' lang='grc'><strong><em>”</em></strong></span> <span class='ocrx_word' id='word_1_21' title='bbox 540 867 691 939; x_wconf 88' lang='lat' dir='ltr'>Domino</span> <span class='ocrx_word' id='word_1_22' title='bbox 705 852 830 946; x_wconf 81' lang='lat' dir='ltr'>invito,</span> <span class='ocrx_word' id='word_1_23' title='bbox 846 859 961 959; x_wconf 84' lang='lat' dir='ltr'>quodli</span> <span class='ocrx_word' id='word_1_24' title='bbox 976 887 1063 934; x_wconf 88' lang='lat' dir='ltr'>anno</span> <span class='ocrx_word' id='word_1_25' title='bbox 1076 860 1220 932; x_wconf 89' lang='lat' dir='ltr'>normali</span> <span class='ocrx_word' id='word_1_26' title='bbox 1236 886 1296 932; x_wconf 91' lang='lat' dir='ltr'>nec</span> <span class='ocrx_word' id='word_1_27' title='bbox 1311 858 1483 957; x_wconf 73' lang='lat' dir='ltr'>publicum</span> <span class='ocrx_word' id='word_1_28' title='bbox 1500 883 1560 931; x_wconf 88' lang='lat' dir='ltr'>uec</span> <span class='ocrx_word' id='word_1_29' title='bbox 1575 862 1748 956; x_wconf 86' lang='lat' dir='ltr'>privatum</span> <span class='ocrx_word' id='word_1_30' title='bbox 1755 857 1948 951; x_wconf 71' lang='lat' dir='ltr'>Religionis?</span> <span class='ocrx_word' id='word_1_31' title='bbox 1952 858 2021 930; x_wconf 86' lang='lat' dir='ltr'>suae</span> 
     </span>
     <span class='ocr_line' id='line_1_4' title="bbox 541 955 2021 1054; baseline -0.004 -20"><span class='ocrx_word' id='word_1_32' title='bbox 541 959 736 1035; x_wconf 81' lang='lat' dir='ltr'>exercitium</span> <span class='ocrx_word' id='word_1_33' title='bbox 751 961 965 1032; x_wconf 85' lang='lat' dir='ltr'>habuerunt?</span> <span class='ocrx_word' id='word_1_34' title='bbox 987 963 1109 1054; x_wconf 90' lang='lat' dir='ltr'>Ingens</span> <span class='ocrx_word' id='word_1_35' title='bbox 1126 961 1238 1052; x_wconf 83' lang='lat' dir='ltr'>itaque</span> <span class='ocrx_word' id='word_1_36' title='bbox 1254 955 1300 1030; x_wconf 89' lang='lat' dir='ltr'>est</span> <span class='ocrx_word' id='word_1_37' title='bbox 1315 963 1403 1031; x_wconf 89' lang='lat' dir='ltr'>inter</span> <span class='ocrx_word' id='word_1_38' title='bbox 1418 979 1560 1053; x_wconf 85' lang='lat' dir='ltr'>utraque</span> <span class='ocrx_word' id='word_1_39' title='bbox 1573 959 1706 1048; x_wconf 88' lang='lat' dir='ltr'>negotia</span> <span class='ocrx_word' id='word_1_40' title='bbox 1722 955 1909 1039; x_wconf 77' lang='lat' dir='ltr'>discrimen.</span> <span class='ocrx_word' id='word_1_41' title='bbox 1928 981 2021 1054; x_wconf 82' lang='lat' dir='ltr'>atque</span> 
     </span>
     <span class='ocr_line' id='line_1_5' title="bbox 539 1051 2022 1156; baseline -0.005 -24"><span class='ocrx_word' id='word_1_42' title='bbox 539 1063 575 1133; x_wconf 92' lang='lat' dir='ltr'>in</span> <span class='ocrx_word' id='word_1_43' title='bbox 591 1055 692 1131; x_wconf 77' lang='lat' dir='ltr'>caulis</span> <span class='ocrx_word' id='word_1_44' title='bbox 708 1058 845 1156; x_wconf 88' lang='lat' dir='ltr'>quidem</span> <span class='ocrx_word' id='word_1_45' title='bbox 858 1057 1064 1150; x_wconf 83' lang='lat' dir='ltr'>Religionis,</span> <span class='ocrx_word' id='word_1_46' title='bbox 1090 1054 1147 1127; x_wconf 92' lang='lat' dir='ltr'>ubi</span> <span class='ocrx_word' id='word_1_47' title='bbox 1161 1053 1298 1128; x_wconf 84' lang='lat' dir='ltr'>subditis</span> <span class='ocrx_word' id='word_1_48' title='bbox 1316 1079 1370 1127; x_wconf 88' lang='lat' dir='ltr'>res</span> <span class='ocrx_word' id='word_1_49' title='bbox 1385 1053 1430 1126; x_wconf 88' lang='lat' dir='ltr'>est</span> <span class='ocrx_word' id='word_1_50' title='bbox 1443 1051 1597 1125; x_wconf 85' lang='lat' dir='ltr'>adversus</span> <span class='ocrx_word' id='word_1_51' title='bbox 1612 1057 1797 1126; x_wconf 90' lang='lat' dir='ltr'>Dominum</span> <span class='ocrx_word' id='word_1_52' title='bbox 1815 1053 1930 1138; x_wconf 87' lang='lat' dir='ltr'>suum,</span> <span class='ocrx_word' id='word_1_53' title='bbox 1952 1057 2022 1154; x_wconf 87' lang='lat' dir='ltr'>plus</span> 
     </span>
    </p>
   </div>
   <div class='ocr_carea' id='block_1_3' title="bbox 533 1147 2034 1348">
    <p class='ocr_par' dir='ltr' id='par_1_3' title="bbox 533 1147 2034 1348">
     <span class='ocr_line' id='line_1_6' title="bbox 533 1147 2021 1255; baseline -0.006 -24"><span class='ocrx_word' id='word_1_54' title='bbox 533 1185 552 1252; x_wconf 44' lang='grc' dir='ltr'>,ι</span> <span class='ocrx_word' id='word_1_55' title='bbox 581 1155 834 1255; x_wconf 78' lang='lat' dir='ltr'>flpraetendcre</span> <span class='ocrx_word' id='word_1_56' title='bbox 849 1178 1034 1252; x_wconf 87' lang='lat' dir='ltr'>nequeunt,</span> <span class='ocrx_word' id='word_1_57' title='bbox 1052 1151 1211 1250; x_wconf 81' lang='lat' dir='ltr'>nisiquod</span> <span class='ocrx_word' id='word_1_58' title='bbox 1222 1155 1346 1250; x_wconf 85' lang='lat' dir='ltr'>opertis</span> <span class='ocrx_word' id='word_1_59' title='bbox 1364 1147 1475 1225; x_wconf 88' lang='lat' dir='ltr'>rerbls</span> <span class='ocrx_word' id='word_1_60' title='bbox 1492 1150 1568 1249; x_wconf 79' lang='lat' dir='ltr'>ipfis</span> <span class='ocrx_word' id='word_1_61' title='bbox 1584 1155 1618 1224; x_wconf 91' lang='lat' dir='ltr'>in</span> <span class='ocrx_word' id='word_1_62' title='bbox 1631 1173 1720 1224; x_wconf 86' lang='lat' dir='ltr'>textu</span> <span class='ocrx_word' id='word_1_63' title='bbox 1735 1155 1824 1250; x_wconf 87' lang='lat' dir='ltr'>pacis</span> <span class='ocrx_word' id='word_1_64' title='bbox 1839 1151 2021 1225; x_wconf 86' lang='lat' dir='ltr'>concellum</span> 
     </span>
     <span class='ocr_line' id='line_1_7' title="bbox 540 1183 2034 1348; baseline -0.004 -22"><span class='ocrx_word' id='word_1_65' title='bbox 540 1183 618 1334; x_wconf 70' lang='lat' dir='ltr'>dut.</span> <span class='ocrx_word' id='word_1_66' title='bbox 684 1257 815 1325; x_wconf 86' lang='lat' dir='ltr'>Mirum</span> <span class='ocrx_word' id='word_1_67' title='bbox 841 1250 1074 1348; x_wconf 64' lang='lat' dir='ltr'>quoque‘ell,</span> <span class='ocrx_word' id='word_1_68' title='bbox 1111 1251 1204 1348; x_wconf 88' lang='lat' dir='ltr'>quod</span> <span class='ocrx_word' id='word_1_69' title='bbox 1232 1253 1409 1326; x_wconf 73' lang='lat' dir='ltr'>unone.</span> <span class='ocrx_word' id='word_1_70' title='bbox 1435 1253 1615 1322; x_wconf 87' lang='lat' dir='ltr'>Louov.</span> <span class='ocrx_word' id='word_1_71' title='bbox 1654 1249 1886 1322; x_wconf 79' lang='lat' dir='ltr'>Bouuntart</span> <span class='ocrx_word' id='word_1_72' title='bbox 1921 1258 2034 1336; x_wconf 79' lang='lat' dir='ltr'>Prin.</span> 
     </span>
    </p>
   </div>
   <div class='ocr_carea' id='block_1_4' title="bbox 395 1331 2020 1452">
    <p class='ocr_par' dir='ltr' id='par_1_4' title="bbox 395 1331 2020 1452">
     <span class='ocr_line' id='line_1_8' title="bbox 395 1331 2020 1452; baseline -0.014 -24"><span class='ocrx_word' id='word_1_73' title='bbox 395 1331 406 1359; x_wconf 78' lang='lat'><em>&#39;</em></span> <span class='ocrx_word' id='word_1_74' title='bbox 520 1357 619 1452; x_wconf 74' lang='lat' dir='ltr'>&#39;Jun</span> <span class='ocrx_word' id='word_1_75' title='bbox 646 1360 722 1424; x_wconf 87' lang='lat' dir='ltr'>can.</span> <span class='ocrx_word' id='word_1_76' title='bbox 746 1354 882 1441; x_wconf 79' lang='lat'>§.⁴⁴321.</span> <span class='ocrx_word' id='word_1_77' title='bbox 906 1353 1012 1422; x_wconf 90' lang='lat' dir='ltr'>immo</span> <span class='ocrx_word' id='word_1_78' title='bbox 1033 1373 1068 1423; x_wconf 90' lang='lat' dir='ltr'>et</span> <span class='ocrx_word' id='word_1_79' title='bbox 1081 1353 1120 1421; x_wconf 89' lang='lat' dir='ltr'>L.</span> <span class='ocrx_word' id='word_1_80' title='bbox 1134 1353 1170 1418; x_wconf 87' lang='lat' dir='ltr'>B.</span> <span class='ocrx_word' id='word_1_81' title='bbox 1188 1349 1230 1420; x_wconf 87' lang='lat' dir='ltr'>de</span> <span class='ocrx_word' id='word_1_82' title='bbox 1246 1349 1439 1420; x_wconf 74' lang='lat' dir='ltr'>Cranen</span> <span class='ocrx_word' id='word_1_83' title='bbox 1466 1341 1735 1442; x_wconf 60' lang='lat' dir='ltr'>illebonstunbffi</span> <span class='ocrx_word' id='word_1_84' title='bbox 1756 1350 1844 1420; x_wconf 70' lang='lat' dir='ltr'>Part,</span> <span class='ocrx_word' id='word_1_85' title='bbox 1870 1376 1906 1438; x_wconf 90' lang='lat'>9·</span> <span class='ocrx_word' id='word_1_86' title='bbox 1931 1375 1965 1420; x_wconf 77' lang='grc' dir='ltr'>ῃ,</span> <span class='ocrx_word' id='word_1_87' title='bbox 1993 1375 2020 1441; x_wconf 75' lang='lat'>3,</span> 
     </span>
    </p>
   </div>
   <div class='ocr_carea' id='block_1_5' title="bbox 414 1443 2021 2515">
    <p class='ocr_par' dir='ltr' id='par_1_5' title="bbox 519 1443 2021 1640">
     <span class='ocr_line' id='line_1_9' title="bbox 540 1443 2021 1545; baseline -0.003 -22"><span class='ocrx_word' id='word_1_88' title='bbox 540 1450 665 1534; x_wconf 82' lang='lat' dir='ltr'>velint,</span> <span class='ocrx_word' id='word_1_89' title='bbox 690 1445 855 1544; x_wconf 87' lang='lat' dir='ltr'>ejusmodi</span> <span class='ocrx_word' id='word_1_90' title='bbox 870 1444 1018 1520; x_wconf 84' lang='lat' dir='ltr'>subditos</span> <span class='ocrx_word' id='word_1_91' title='bbox 1033 1447 1122 1545; x_wconf 88' lang='lat' dir='ltr'>opud</span> <span class='ocrx_word' id='word_1_92' title='bbox 1138 1443 1331 1518; x_wconf 91' lang='lat' dir='ltr'>Minillrum</span> <span class='ocrx_word' id='word_1_93' title='bbox 1344 1445 1530 1538; x_wconf 85' lang='lat' dir='ltr'>Religionis</span> <span class='ocrx_word' id='word_1_94' title='bbox 1545 1443 1623 1516; x_wconf 85' lang='lat' dir='ltr'>suae</span> <span class='ocrx_word' id='word_1_95' title='bbox 1641 1448 1675 1528; x_wconf 84' lang='lat' dir='ltr'>in</span> <span class='ocrx_word' id='word_1_96' title='bbox 1693 1445 1813 1517; x_wconf 83' lang='lat' dir='ltr'>vicinia</span> <span class='ocrx_word' id='word_1_97' title='bbox 1836 1443 1929 1540; x_wconf 85' lang='lat' dir='ltr'>polle</span> <span class='ocrx_word' id='word_1_98' title='bbox 1949 1445 2021 1518; x_wconf 81' lang='lat' dir='ltr'>libc-</span> 
     </span>
     <span class='ocr_line' id='line_1_10' title="bbox 519 1541 2019 1640; baseline -0.003 -20"><span class='ocrx_word' id='word_1_99' title='bbox 519 1551 597 1626; x_wconf 54' lang='lat' dir='ltr'>*os</span> <span class='ocrx_word' id='word_1_100' title='bbox 612 1545 688 1619; x_wconf 83' lang='lat' dir='ltr'>suos</span> <span class='ocrx_word' id='word_1_101' title='bbox 704 1545 745 1616; x_wconf 93' lang='lat' dir='ltr'>ad</span> <span class='ocrx_word' id='word_1_102' title='bbox 760 1541 965 1640; x_wconf 87' lang='lat' dir='ltr'>Baptismum</span> <span class='ocrx_word' id='word_1_103' title='bbox 982 1543 1126 1627; x_wconf 87' lang='lat' dir='ltr'>offerre,</span> <span class='ocrx_word' id='word_1_104' title='bbox 1151 1543 1244 1640; x_wconf 90' lang='lat' dir='ltr'>quod</span> <span class='ocrx_word' id='word_1_105' title='bbox 1267 1543 1403 1640; x_wconf 82' lang='lat' dir='ltr'>quidcm&#39;</span> <span class='ocrx_word' id='word_1_106' title='bbox 1425 1569 1464 1615; x_wconf 82' lang='lat' dir='ltr'>ert</span> <span class='ocrx_word' id='word_1_107' title='bbox 1486 1549 1562 1614; x_wconf 86' lang='lat' dir='ltr'>Art.</span> <span class='ocrx_word' id='word_1_108' title='bbox 1591 1569 1620 1634; x_wconf 84' lang='lat'>5.</span> <span class='ocrx_word' id='word_1_109' title='bbox 1636 1545 1665 1633; x_wconf 88' lang='lat'>§.</span> <span class='ocrx_word' id='word_1_110' title='bbox 1684 1567 1738 1636; x_wconf 88' lang='lat'>34.</span> <span class='ocrx_word' id='word_1_111' title='bbox 1755 1545 1791 1616; x_wconf 85' lang='grc' dir='ltr'>Ρ.</span> <span class='ocrx_word' id='word_1_112' title='bbox 1805 1547 1861 1615; x_wconf 89' lang='lat' dir='ltr'>W.</span> <span class='ocrx_word' id='word_1_113' title='bbox 1877 1543 2019 1617; x_wconf 86' lang='lat' dir='ltr'>conlltre</span> 
     </span>
    </p>

    <p class='ocr_par' dir='ltr' id='par_1_6' title="bbox 414 1637 2019 1838">
     <span class='ocr_line' id='line_1_11' title="bbox 538 1637 2018 1740; baseline -0.003 -24"><span class='ocrx_word' id='word_1_114' title='bbox 538 1645 667 1716; x_wconf 84' lang='lat' dir='ltr'>volunt.</span> <span class='ocrx_word' id='word_1_115' title='bbox 708 1646 844 1714; x_wconf 86' lang='lat' dir='ltr'>Arenim</span> <span class='ocrx_word' id='word_1_116' title='bbox 860 1646 895 1714; x_wconf 89' lang='lat' dir='ltr'>io</span> <span class='ocrx_word' id='word_1_117' title='bbox 907 1644 1008 1714; x_wconf 85' lang='lat' dir='ltr'>citato</span> <span class='ocrx_word' id='word_1_118' title='bbox 1031 1640 1063 1739; x_wconf 67' lang='lat' dir='ltr'>b.</span> <span class='ocrx_word' id='word_1_119' title='bbox 1079 1643 1143 1714; x_wconf 92' lang='lat' dir='ltr'>hoe</span> <span class='ocrx_word' id='word_1_120' title='bbox 1160 1665 1369 1738; x_wconf 81' lang='lat' dir='ltr'><strong>nequaquam</strong></span> <span class='ocrx_word' id='word_1_121' title='bbox 1385 1639 1597 1722; x_wconf 88' lang='lat' dir='ltr'>conceditur,</span> <span class='ocrx_word' id='word_1_122' title='bbox 1619 1637 1675 1711; x_wconf 92' lang='lat' dir='ltr'>sed</span> <span class='ocrx_word' id='word_1_123' title='bbox 1691 1639 1774 1710; x_wconf 87' lang='lat' dir='ltr'>illud</span> <span class='ocrx_word' id='word_1_124' title='bbox 1790 1638 1918 1723; x_wconf 89' lang='lat' dir='ltr'>solum,</span> <span class='ocrx_word' id='word_1_125' title='bbox 1935 1641 2018 1740; x_wconf 91' lang='lat' dir='ltr'>quod</span> 
     </span>
     <span class='ocr_line' id='line_1_12' title="bbox 414 1731 2019 1838; baseline -0.002 -25"><span class='ocrx_word' id='word_1_126' title='bbox 414 1731 420 1742; x_wconf 66' lang='grc'><em>’</em></span> <span class='ocrx_word' id='word_1_127' title='bbox 536 1737 663 1816; x_wconf 80' lang='lat' dir='ltr'>liberos</span> <span class='ocrx_word' id='word_1_128' title='bbox 679 1739 753 1811; x_wconf 88' lang='lat' dir='ltr'>suos</span> <span class='ocrx_word' id='word_1_129' title='bbox 770 1764 826 1810; x_wconf 89' lang='lat' dir='ltr'>aut</span> <span class='ocrx_word' id='word_1_130' title='bbox 841 1765 904 1836; x_wconf 91' lang='lat' dir='ltr'>per</span> <span class='ocrx_word' id='word_1_131' title='bbox 918 1762 1172 1836; x_wconf 81' lang='lat' dir='ltr'>praeceptorem</span> <span class='ocrx_word' id='word_1_132' title='bbox 1188 1741 1279 1812; x_wconf 91' lang='lat' dir='ltr'>domi</span> <span class='ocrx_word' id='word_1_133' title='bbox 1292 1741 1460 1838; x_wconf 84' lang='lat' dir='ltr'>privatum</span> <span class='ocrx_word' id='word_1_134' title='bbox 1475 1737 1660 1830; x_wconf 81' lang='lat' dir='ltr'>Religionis</span> <span class='ocrx_word' id='word_1_135' title='bbox 1675 1735 1751 1809; x_wconf 88' lang='lat' dir='ltr'>suae</span> <span class='ocrx_word' id='word_1_136' title='bbox 1764 1741 1944 1838; x_wconf 86' lang='lat' dir='ltr'>principiis</span> <span class='ocrx_word' id='word_1_137' title='bbox 1953 1739 2019 1838; x_wconf 89' lang='lat' dir='ltr'>pos·</span> 
     </span>
    </p>

    <p class='ocr_par' dir='ltr' id='par_1_7' title="bbox 473 1834 2034 2228">
     <span class='ocr_line' id='line_1_13' title="bbox 473 1834 2019 1934; baseline -0.001 -25"><span class='ocrx_word' id='word_1_138' title='bbox 473 1882 496 1898; x_wconf 86' lang='lat'>..</span> <span class='ocrx_word' id='word_1_139' title='bbox 537 1835 600 1909; x_wconf 83' lang='lat' dir='ltr'>lint</span> <span class='ocrx_word' id='word_1_140' title='bbox 615 1837 784 1920; x_wconf 81' lang='lat' dir='ltr'>imbuere,</span> <span class='ocrx_word' id='word_1_141' title='bbox 808 1860 865 1908; x_wconf 88' lang='lat' dir='ltr'>eut</span> <span class='ocrx_word' id='word_1_142' title='bbox 879 1835 920 1906; x_wconf 90' lang='lat' dir='ltr'>ad</span> <span class='ocrx_word' id='word_1_143' title='bbox 934 1837 1076 1910; x_wconf 87' lang='lat' dir='ltr'>eundem</span> <span class='ocrx_word' id='word_1_144' title='bbox 1089 1835 1190 1909; x_wconf 81' lang='lat' dir='ltr'>linem</span> <span class='ocrx_word' id='word_1_145' title='bbox 1204 1837 1245 1908; x_wconf 85' lang='lat' dir='ltr'>od</span> <span class='ocrx_word' id='word_1_146' title='bbox 1263 1834 1390 1908; x_wconf 82' lang='lat' dir='ltr'>scholas</span> <span class='ocrx_word' id='word_1_147' title='bbox 1414 1859 1550 1934; x_wconf 91' lang='lat' dir='ltr'>quoque</span> <span class='ocrx_word' id='word_1_148' title='bbox 1564 1857 1691 1906; x_wconf 86' lang='lat' dir='ltr'>exteras</span> <span class='ocrx_word' id='word_1_149' title='bbox 1713 1836 1896 1910; x_wconf 88' lang='lat' dir='ltr'>dimittere.</span> <span class='ocrx_word' id='word_1_150' title='bbox 1969 1834 2019 1908; x_wconf 81' lang='lat' dir='ltr'>Eli</span> 
     </span>
     <span class='ocr_line' id='line_1_14' title="bbox 538 1929 2018 2030; baseline -0.001 -24"><span class='ocrx_word' id='word_1_151' title='bbox 538 1940 699 2006; x_wconf 89' lang='lat' dir='ltr'>nimirum</span> <span class='ocrx_word' id='word_1_152' title='bbox 723 1939 838 2025; x_wconf 87' lang='lat' dir='ltr'>ingens</span> <span class='ocrx_word' id='word_1_153' title='bbox 859 1935 948 2005; x_wconf 91' lang='lat' dir='ltr'>inter</span> <span class='ocrx_word' id='word_1_154' title='bbox 962 1935 1046 2005; x_wconf 84' lang='lat' dir='ltr'>hanc</span> <span class='ocrx_word' id='word_1_155' title='bbox 1068 1931 1320 2009; x_wconf 73' lang='lat' dir='ltr'>inilruflioncm</span> <span class='ocrx_word' id='word_1_156' title='bbox 1342 1957 1375 2006; x_wconf 89' lang='lat' dir='ltr'>et</span> <span class='ocrx_word' id='word_1_157' title='bbox 1398 1931 1604 2030; x_wconf 88' lang='lat' dir='ltr'>Baptismum</span> <span class='ocrx_word' id='word_1_158' title='bbox 1629 1929 1831 2005; x_wconf 86' lang='lat' dir='ltr'>discrimen:</span> <span class='ocrx_word' id='word_1_159' title='bbox 1862 1935 1921 2006; x_wconf 86' lang='lat' dir='ltr'>illa</span> <span class='ocrx_word' id='word_1_160' title='bbox 1935 1941 2018 2009; x_wconf 87' lang='lat' dir='ltr'>enim</span> 
     </span>
     <span class='ocr_line' id='line_1_15' title="bbox 538 2024 2019 2130; baseline 0.005 -28"><span class='ocrx_word' id='word_1_161' title='bbox 538 2029 598 2103; x_wconf 81' lang='lat' dir='ltr'>oisr</span> <span class='ocrx_word' id='word_1_162' title='bbox 618 2057 636 2100; x_wconf 90' lang='lat' dir='ltr'>a</span> <span class='ocrx_word' id='word_1_163' title='bbox 657 2024 933 2126; x_wconf 77' lang='lat' dir='ltr'>praeceptoribus</span> <span class='ocrx_word' id='word_1_164' title='bbox 953 2030 1103 2128; x_wconf 85' lang='lat' dir='ltr'>ejusdem</span> <span class='ocrx_word' id='word_1_165' title='bbox 1124 2031 1310 2124; x_wconf 83' lang='lat' dir='ltr'>Religionis</span> <span class='ocrx_word' id='word_1_166' title='bbox 1328 2032 1415 2105; x_wconf 86' lang='lat' dir='ltr'>tradi</span> <span class='ocrx_word' id='word_1_167' title='bbox 1435 2027 1777 2128; x_wconf 76' lang='lat' dir='ltr'>nequir3&#39;Baptismue</span> <span class='ocrx_word' id='word_1_168' title='bbox 1795 2054 1833 2101; x_wconf 84' lang='lat' dir='ltr'>ex</span> <span class='ocrx_word' id='word_1_169' title='bbox 1847 2033 2019 2130; x_wconf 88' lang='lat' dir='ltr'>cujuslibet</span> 
     </span>
     <span class='ocr_line' id='line_1_16' title="bbox 537 2126 2018 2228; baseline 0.002 -29"><span class='ocrx_word' id='word_1_170' title='bbox 537 2128 723 2220; x_wconf 89' lang='lat' dir='ltr'>Religionis</span> <span class='ocrx_word' id='word_1_171' title='bbox 744 2130 921 2223; x_wconf 88' lang='lat' dir='ltr'>principiis</span> <span class='ocrx_word' id='word_1_172' title='bbox 941 2128 1133 2201; x_wconf 87' lang='lat' dir='ltr'>aMiniilro</span> <span class='ocrx_word' id='word_1_173' title='bbox 1155 2152 1290 2228; x_wconf 89' lang='lat' dir='ltr'>quoque</span> <span class='ocrx_word' id='word_1_174' title='bbox 1305 2129 1430 2203; x_wconf 82' lang='lat' dir='ltr'>alienae</span> <span class='ocrx_word' id='word_1_175' title='bbox 1453 2127 1638 2220; x_wconf 80' lang='lat' dir='ltr'>Religionis</span> <span class='ocrx_word' id='word_1_176' title='bbox 1664 2126 1772 2200; x_wconf 82' lang='lat' dir='ltr'>valida</span> <span class='ocrx_word' id='word_1_177' title='bbox 1796 2131 1930 2204; x_wconf 84' lang='lat' dir='ltr'>ratione</span> <span class='ocrx_word' id='word_1_178' title='bbox 1949 2157 2018 2207; x_wconf 90' lang='lat' dir='ltr'>con·</span> 
     </span>
    </p>

    <p class='ocr_par' dir='ltr' id='par_1_8' title="bbox 435 2213 2015 2515">
     <span class='ocr_line' id='line_1_17' title="bbox 435 2213 2015 2326; baseline 0.003 -30"><span class='ocrx_word' id='word_1_179' title='bbox 435 2213 440 2228; x_wconf 59' lang='lat'>⁸</span> <span class='ocrx_word' id='word_1_180' title='bbox 536 2223 660 2303; x_wconf 87' lang='lat' dir='ltr'>fertur.</span> <span class='ocrx_word' id='word_1_181' title='bbox 712 2225 827 2322; x_wconf 76' lang='lat' dir='ltr'>Quare</span> <span class='ocrx_word' id='word_1_182' title='bbox 848 2222 1088 2298; x_wconf 75' lang='lat' dir='ltr'>observantiam</span> <span class='ocrx_word' id='word_1_183' title='bbox 1110 2229 1209 2298; x_wconf 88' lang='lat' dir='ltr'>etiam</span> <span class='ocrx_word' id='word_1_184' title='bbox 1237 2221 1348 2320; x_wconf 82' lang='lat' dir='ltr'>paffim</span> <span class='ocrx_word' id='word_1_185' title='bbox 1364 2227 1565 2300; x_wconf 85' lang='lat' dir='ltr'>contrariam</span> <span class='ocrx_word' id='word_1_186' title='bbox 1580 2221 1666 2306; x_wconf 82' lang='lat' dir='ltr'>elle,</span> <span class='ocrx_word' id='word_1_187' title='bbox 1693 2247 1725 2297; x_wconf 86' lang='lat' dir='ltr'>ct</span> <span class='ocrx_word' id='word_1_188' title='bbox 1739 2223 2015 2326; x_wconf 78' lang='lat' dir='ltr'>conspiratorum</span> 
     </span>
     <span class='ocr_line' id='line_1_18' title="bbox 537 2315 2014 2424; baseline 0.003 -31"><span class='ocrx_word' id='word_1_189' title='bbox 537 2320 636 2394; x_wconf 71' lang='lat' dir='ltr'>distis</span> <span class='ocrx_word' id='word_1_190' title='bbox 651 2319 770 2392; x_wconf 84' lang='lat' dir='ltr'>uostris</span> <span class='ocrx_word' id='word_1_191' title='bbox 785 2315 909 2393; x_wconf 78' lang='lat' dir='ltr'>fatetur</span> <span class='ocrx_word' id='word_1_192' title='bbox 921 2325 977 2396; x_wconf 93' lang='lat' dir='ltr'>cit.</span> <span class='ocrx_word' id='word_1_193' title='bbox 991 2331 1162 2422; x_wconf 82' lang='lat' dir='ltr'>Anonym.</span> <span class='ocrx_word' id='word_1_194' title='bbox 1177 2322 1212 2406; x_wconf 79' lang='lat' dir='ltr'>in</span> <span class='ocrx_word' id='word_1_195' title='bbox 1228 2324 1291 2404; x_wconf 76' lang='lat' dir='ltr'>ben</span> <span class='ocrx_word' id='word_1_196' title='bbox 1312 2321 1541 2424; x_wconf 62' lang='lat' dir='ltr'>Qittlnbsdizeli</span> <span class='ocrx_word' id='word_1_197' title='bbox 1560 2341 1603 2403; x_wconf 83' lang='lat' dir='ltr'>rt.</span> <span class='ocrx_word' id='word_1_198' title='bbox 1620 2327 1703 2422; x_wconf 68' lang='lat' dir='ltr'>cip.</span> <span class='ocrx_word' id='word_1_199' title='bbox 1720 2349 1753 2418; x_wconf 81' lang='lat'>3.</span> <span class='ocrx_word' id='word_1_200' title='bbox 1780 2327 1887 2416; x_wconf 66' lang='lat' dir='ltr'>irae.</span> <span class='ocrx_word' id='word_1_201' title='bbox 1915 2326 2014 2414; x_wconf 64' lang='lat' dir='ltr'>(uon</span> 
     </span>
     <span class='ocr_line' id='line_1_19' title="bbox 451 2414 1942 2515; baseline 0.001 -14"><span class='ocrx_word' id='word_1_202' title='bbox 451 2430 456 2440; x_wconf 64' lang='lat'>‘</span> <span class='ocrx_word' id='word_1_203' title='bbox 536 2414 773 2514; x_wconf 76' lang='lat' dir='ltr'>nusubrtinrn</span> <span class='ocrx_word' id='word_1_204' title='bbox 794 2416 946 2515; x_wconf 60' lang='lat' dir='ltr'>Rodien.</span> <span class='ocrx_word' id='word_1_205' title='bbox 1939 2477 1942 2482; x_wconf 88' lang='lat'><em>-</em></span> 
     </span>
    </p>
   </div>
   <div class='ocr_carea' id='block_1_6' title="bbox 517 2548 2034 4024">
    <p class='ocr_par' dir='ltr' id='par_1_9' title="bbox 517 2548 2034 4024">
     <span class='ocr_line' id='line_1_20' title="bbox 651 2548 2011 2656; baseline 0.001 -31"><span class='ocrx_word' id='word_1_206' title='bbox 651 2557 708 2625; x_wconf 86' lang='lat' dir='ltr'>Ad</span> <span class='ocrx_word' id='word_1_207' title='bbox 723 2553 760 2639; x_wconf 85' lang='lat'>§.</span> <span class='ocrx_word' id='word_1_208' title='bbox 776 2580 834 2634; x_wconf 85' lang='lat'>²7·</span> <span class='ocrx_word' id='word_1_209' title='bbox 881 2554 921 2623; x_wconf 94' lang='lat' dir='ltr'>In</span> <span class='ocrx_word' id='word_1_210' title='bbox 943 2548 1021 2649; x_wconf 88' lang='lat' dir='ltr'>iplis</span> <span class='ocrx_word' id='word_1_211' title='bbox 1040 2549 1265 2626; x_wconf 86' lang='lat' dir='ltr'>instrumentis</span> <span class='ocrx_word' id='word_1_212' title='bbox 1285 2556 1463 2628; x_wconf 85' lang='lat' dir='ltr'>Laicorum</span> <span class='ocrx_word' id='word_1_213' title='bbox 1488 2575 1552 2656; x_wconf 91' lang='lat' dir='ltr'>pto</span> <span class='ocrx_word' id='word_1_214' title='bbox 1576 2549 1827 2626; x_wconf 77' lang='lat' dir='ltr'>fundationibus</span> <span class='ocrx_word' id='word_1_215' title='bbox 1849 2555 1919 2651; x_wconf 89' lang='lat' dir='ltr'>piis</span> <span class='ocrx_word' id='word_1_216' title='bbox 1934 2559 2011 2630; x_wconf 87' lang='lat' dir='ltr'>inter</span> 
     </span>
     <span class='ocr_line' id='line_1_21' title="bbox 536 2646 2034 2748; baseline 0.003 -27"><span class='ocrx_word' id='word_1_217' title='bbox 536 2649 618 2721; x_wconf 85' lang='lat' dir='ltr'>alias</span> <span class='ocrx_word' id='word_1_218' title='bbox 633 2649 797 2722; x_wconf 82' lang='lat' dir='ltr'>lormulas</span> <span class='ocrx_word' id='word_1_219' title='bbox 812 2646 887 2722; x_wconf 85' lang='lat' dir='ltr'>satis</span> <span class='ocrx_word' id='word_1_220' title='bbox 902 2649 1069 2722; x_wconf 87' lang='lat' dir='ltr'>terribiles</span> <span class='ocrx_word' id='word_1_221' title='bbox 1083 2652 1117 2720; x_wconf 93' lang='lat' dir='ltr'>in</span> <span class='ocrx_word' id='word_1_222' title='bbox 1133 2675 1209 2734; x_wconf 87' lang='lat' dir='ltr'>eos,</span> <span class='ocrx_word' id='word_1_223' title='bbox 1235 2655 1294 2748; x_wconf 89' lang='lat' dir='ltr'>qui</span> <span class='ocrx_word' id='word_1_224' title='bbox 1310 2653 1368 2724; x_wconf 89' lang='lat' dir='ltr'>has</span> <span class='ocrx_word' id='word_1_225' title='bbox 1386 2649 1597 2724; x_wconf 80' lang='lat' dir='ltr'>fundationes</span> <span class='ocrx_word' id='word_1_226' title='bbox 1612 2650 1772 2730; x_wconf 77' lang='lat' dir='ltr'>v&#39;olnruri</span> <span class='ocrx_word' id='word_1_227' title='bbox 1792 2649 1915 2736; x_wconf 81' lang='lat' dir='ltr'>esseut,</span> <span class='ocrx_word' id='word_1_228' title='bbox 1931 2678 2013 2728; x_wconf 91' lang='lat' dir='ltr'>men·</span> <span class='ocrx_word' id='word_1_229' title='bbox 2033 2727 2034 2736; x_wconf 9' lang='grc' dir='ltr'>χ</span> 
     </span>
     <span class='ocr_line' id='line_1_22' title="bbox 536 2745 2011 2846; baseline 0.002 -25"><span class='ocrx_word' id='word_1_230' title='bbox 536 2751 587 2821; x_wconf 86' lang='lat' dir='ltr'>tio</span> <span class='ocrx_word' id='word_1_231' title='bbox 603 2770 740 2845; x_wconf 88' lang='lat' dir='ltr'>quoque</span> <span class='ocrx_word' id='word_1_232' title='bbox 755 2745 793 2818; x_wconf 82' lang='lat' dir='ltr'>fit</span> <span class='ocrx_word' id='word_1_233' title='bbox 805 2751 1155 2819; x_wconf 74' lang='lat' dir='ltr'>excommunicationis</span> <span class='ocrx_word' id='word_1_234' title='bbox 1176 2749 1421 2823; x_wconf 87' lang='lat' dir='ltr'>incurrendae:</span> <span class='ocrx_word' id='word_1_235' title='bbox 1447 2751 1493 2822; x_wconf 86' lang='lat' dir='ltr'>ita</span> <span class='ocrx_word' id='word_1_236' title='bbox 1516 2751 1550 2823; x_wconf 90' lang='lat' dir='ltr'>in</span> <span class='ocrx_word' id='word_1_237' title='bbox 1569 2749 1675 2843; x_wconf 85' lang='lat' dir='ltr'>Alsarr.</span> <span class='ocrx_word' id='word_1_238' title='bbox 1696 2753 1851 2846; x_wconf 77' lang='lat' dir='ltr'>diplomat.</span> <span class='ocrx_word' id='word_1_239' title='bbox 1869 2757 1961 2825; x_wconf 83' lang='lat' dir='ltr'>Part.</span> <span class='ocrx_word' id='word_1_240' title='bbox 1986 2778 2011 2825; x_wconf 89' lang='lat' dir='ltr'>r.</span> 
     </span>
     <span class='ocr_line' id='line_1_23' title="bbox 534 2842 2010 2946; baseline 0 -30"><span class='ocrx_word' id='word_1_241' title='bbox 534 2853 585 2919; x_wconf 88' lang='lat' dir='ltr'>N.</span> <span class='ocrx_word' id='word_1_242' title='bbox 605 2872 640 2933; x_wconf 88' lang='lat'>9.</span> <span class='ocrx_word' id='word_1_243' title='bbox 656 2849 690 2917; x_wconf 93' lang='lat' dir='ltr'>in</span> <span class='ocrx_word' id='word_1_244' title='bbox 716 2845 840 2916; x_wconf 83' lang='lat' dir='ltr'>Charta</span> <span class='ocrx_word' id='word_1_245' title='bbox 862 2848 1028 2916; x_wconf 76' lang='lat' dir='ltr'>Elaibardi</span> <span class='ocrx_word' id='word_1_246' title='bbox 1046 2848 1191 2920; x_wconf 83' lang='lat' dir='ltr'>¹Comitis</span> <span class='ocrx_word' id='word_1_247' title='bbox 1213 2842 1356 2921; x_wconf 84' lang='lat' dir='ltr'>Alsatite</span> <span class='ocrx_word' id='word_1_248' title='bbox 1378 2848 1420 2921; x_wconf 89' lang='lat' dir='ltr'>de</span> <span class='ocrx_word' id='word_1_249' title='bbox 1444 2872 1530 2920; x_wconf 85' lang='lat' dir='ltr'>anno</span> <span class='ocrx_word' id='word_1_250' title='bbox 1556 2861 1639 2942; x_wconf 82' lang='lat'>728.</span> <span class='ocrx_word' id='word_1_251' title='bbox 1664 2845 1723 2921; x_wconf 87' lang='lat' dir='ltr'>sub</span> <span class='ocrx_word' id='word_1_252' title='bbox 1746 2844 1847 2921; x_wconf 84' lang='lat' dir='ltr'>finem</span> <span class='ocrx_word' id='word_1_253' title='bbox 1873 2848 2010 2946; x_wconf 82' lang='lat' dir='ltr'>legitur:</span> 
     </span>
     <span class='ocr_line' id='line_1_24' title="bbox 534 2942 2011 3045; baseline 0.003 -30"><span class='ocrx_word' id='word_1_254' title='bbox 534 2948 636 3035; x_wconf 79' lang='lat' dir='ltr'>Siquis</span> <span class='ocrx_word' id='word_1_255' title='bbox 649 2968 726 3013; x_wconf 84' lang='lat' dir='ltr'>uero</span> <span class='ocrx_word' id='word_1_256' title='bbox 740 2943 820 3034; x_wconf 85' lang='lat' dir='ltr'>quod</span> <span class='ocrx_word' id='word_1_257' title='bbox 827 2942 972 3031; x_wconf 77' lang='lat' dir='ltr'>surarum</span> <span class='ocrx_word' id='word_1_258' title='bbox 989 2942 1119 3035; x_wconf 79' lang='lat' dir='ltr'>affs&#39;non</span> <span class='ocrx_word' id='word_1_259' title='bbox 1145 2946 1308 3027; x_wconf 83' lang='lat' dir='ltr'>tradimus,</span> <span class='ocrx_word' id='word_1_260' title='bbox 1324 2947 1352 3033; x_wconf 81' lang='lat' dir='ltr'><em>fi</em></span> <span class='ocrx_word' id='word_1_261' title='bbox 1373 2970 1424 3038; x_wconf 82' lang='lat' dir='ltr'>ago</span> <span class='ocrx_word' id='word_1_262' title='bbox 1439 2946 1498 3039; x_wconf 78' lang='lat' dir='ltr'>ipse</span> <span class='ocrx_word' id='word_1_263' title='bbox 1509 2965 1566 3017; x_wconf 84' lang='lat' dir='ltr'>aur</span> <span class='ocrx_word' id='word_1_264' title='bbox 1577 2951 1690 3040; x_wconf 87' lang='lat' dir='ltr'>aliquis</span> <span class='ocrx_word' id='word_1_265' title='bbox 1711 2948 1853 3017; x_wconf 79' lang='lat' dir='ltr'>heredum</span> <span class='ocrx_word' id='word_1_266' title='bbox 1873 2972 1933 3023; x_wconf 83' lang='lat' dir='ltr'>aur</span> <span class='ocrx_word' id='word_1_267' title='bbox 1955 2972 2011 3045; x_wconf 87' lang='lat' dir='ltr'>pra·</span> 
     </span>
     <span class='ocr_line' id='line_1_25' title="bbox 533 3041 2010 3144; baseline 0.005 -34"><span class='ocrx_word' id='word_1_268' title='bbox 533 3042 677 3111; x_wconf 81' lang='lat' dir='ltr'>beredurn</span> <span class='ocrx_word' id='word_1_269' title='bbox 697 3062 830 3109; x_wconf 87' lang='lat' dir='ltr'>rnsrrurn</span> <span class='ocrx_word' id='word_1_270' title='bbox 847 3058 903 3109; x_wconf 89' lang='lat' dir='ltr'>aur</span> <span class='ocrx_word' id='word_1_271' title='bbox 919 3041 980 3109; x_wconf 83' lang='lat' dir='ltr'>aba</span> <span class='ocrx_word' id='word_1_272' title='bbox 1001 3042 1130 3132; x_wconf 75' lang='lat' dir='ltr'>oppofisu</span> <span class='ocrx_word' id='word_1_273' title='bbox 1142 3044 1266 3134; x_wconf 75' lang='lat' dir='ltr'>persona</span> <span class='ocrx_word' id='word_1_274' title='bbox 1286 3048 1343 3113; x_wconf 83' lang='lat' dir='ltr'>vel</span> <span class='ocrx_word' id='word_1_275' title='bbox 1360 3052 1451 3113; x_wconf 86' lang='lat' dir='ltr'>stiam</span> <span class='ocrx_word' id='word_1_276' title='bbox 1471 3045 1611 3137; x_wconf 80' lang='lat' dir='ltr'>quislibet</span> <span class='ocrx_word' id='word_1_277' title='bbox 1634 3046 1717 3115; x_wconf 86' lang='lat' dir='ltr'>borno</span> <span class='ocrx_word' id='word_1_278' title='bbox 1730 3043 1922 3137; x_wconf 80' lang='lat' dir='ltr'>praesentem</span> <span class='ocrx_word' id='word_1_279' title='bbox 1939 3050 2010 3144; x_wconf 85' lang='lat' dir='ltr'>pagi·</span> 
     </span>
     <span class='ocr_line' id='line_1_26' title="bbox 531 3140 2010 3237; baseline 0.007 -33"><span class='ocrx_word' id='word_1_280' title='bbox 531 3160 604 3209; x_wconf 82' lang='lat' dir='ltr'>narn</span> <span class='ocrx_word' id='word_1_281' title='bbox 618 3140 744 3226; x_wconf 80' lang='lat' dir='ltr'>vulqus</span> <span class='ocrx_word' id='word_1_282' title='bbox 757 3142 827 3207; x_wconf 75' lang='lat' dir='ltr'>adia</span> <span class='ocrx_word' id='word_1_283' title='bbox 841 3159 907 3206; x_wconf 82' lang='lat' dir='ltr'>rnea</span> <span class='ocrx_word' id='word_1_284' title='bbox 920 3160 979 3228; x_wconf 87' lang='lat' dir='ltr'>qus</span> <span class='ocrx_word' id='word_1_285' title='bbox 993 3163 1046 3231; x_wconf 84' lang='lat' dir='ltr'>ago</span> <span class='ocrx_word' id='word_1_286' title='bbox 1062 3143 1174 3209; x_wconf 84' lang='lat' dir='ltr'>devoro</span> <span class='ocrx_word' id='word_1_287' title='bbox 1190 3144 1288 3211; x_wconf 88' lang='lat' dir='ltr'>animo</span> <span class='ocrx_word' id='word_1_288' title='bbox 1303 3164 1355 3235; x_wconf 90' lang='lat' dir='ltr'>prr</span> <span class='ocrx_word' id='word_1_289' title='bbox 1372 3161 1477 3213; x_wconf 82' lang='lat' dir='ltr'>atem</span> <span class='ocrx_word' id='word_1_290' title='bbox 1496 3142 1692 3213; x_wconf 80' lang='lat' dir='ltr'>retribucione</span> <span class='ocrx_word' id='word_1_291' title='bbox 1708 3142 1765 3221; x_wconf 74' lang='lat' dir='ltr'>stri</span> <span class='ocrx_word' id='word_1_292' title='bbox 1785 3164 1817 3214; x_wconf 86' lang='lat' dir='ltr'>ar</span> <span class='ocrx_word' id='word_1_293' title='bbox 1825 3144 1955 3237; x_wconf 79' lang='lat' dir='ltr'>firmare</span> <span class='ocrx_word' id='word_1_294' title='bbox 1968 3168 2010 3215; x_wconf 88' lang='lat' dir='ltr'>ro·</span> 
     </span>
     <span class='ocr_line' id='line_1_27' title="bbox 517 3234 2009 3336; baseline 0.005 -34"><span class='ocrx_word' id='word_1_295' title='bbox 517 3282 522 3289; x_wconf 66' lang='grc'><strong><em>«</em></strong></span> <span class='ocrx_word' id='word_1_296' title='bbox 528 3237 629 3328; x_wconf 81' lang='lat' dir='ltr'>gavi,</span> <span class='ocrx_word' id='word_1_297' title='bbox 653 3234 819 3325; x_wconf 72' lang='lat' dir='ltr'>infringens</span> <span class='ocrx_word' id='word_1_298' title='bbox 832 3240 1017 3317; x_wconf 76' lang='lat' dir='ltr'>tumuerit,</span> <span class='ocrx_word' id='word_1_299' title='bbox 1043 3242 1099 3307; x_wconf 86' lang='lat' dir='ltr'>vel</span> <span class='ocrx_word' id='word_1_300' title='bbox 1116 3256 1265 3329; x_wconf 73' lang='lat' dir='ltr'>temptare</span> <span class='ocrx_word' id='word_1_301' title='bbox 1285 3260 1341 3311; x_wconf 84' lang='lat' dir='ltr'>aun</span> <span class='ocrx_word' id='word_1_302' title='bbox 1361 3243 1494 3311; x_wconf 83' lang='lat' dir='ltr'>minuare</span> <span class='ocrx_word' id='word_1_303' title='bbox 1515 3238 1722 3332; x_wconf 71' lang='lat' dir='ltr'>presumserit.</span> <span class='ocrx_word' id='word_1_304' title='bbox 1748 3245 1773 3309; x_wconf 89' lang='lat' dir='ltr'>is</span> <span class='ocrx_word' id='word_1_305' title='bbox 1783 3246 1928 3336; x_wconf 81' lang='lat' dir='ltr'>primitus</span> <span class='ocrx_word' id='word_1_306' title='bbox 1942 3250 2009 3313; x_wconf 87' lang='lat' dir='ltr'>iratn</span> 
     </span>
     <span class='ocr_line' id='line_1_28' title="bbox 533 3334 2010 3429; baseline 0.002 -26"><span class='ocrx_word' id='word_1_307' title='bbox 533 3335 743 3427; x_wconf 84' lang='lat' dir='ltr'>omnipotentis</span> <span class='ocrx_word' id='word_1_308' title='bbox 756 3335 817 3401; x_wconf 85' lang='lat' dir='ltr'>Dei</span> <span class='ocrx_word' id='word_1_309' title='bbox 835 3352 867 3402; x_wconf 87' lang='lat' dir='ltr'>ar</span> <span class='ocrx_word' id='word_1_310' title='bbox 881 3337 1012 3402; x_wconf 83' lang='lat' dir='ltr'>oninium</span> <span class='ocrx_word' id='word_1_311' title='bbox 1027 3334 1200 3424; x_wconf 74' lang='lat' dir='ltr'>[arborum</span> <span class='ocrx_word' id='word_1_312' title='bbox 1215 3340 1272 3405; x_wconf 85' lang='lat' dir='ltr'>uri</span> <span class='ocrx_word' id='word_1_313' title='bbox 1288 3342 1462 3429; x_wconf 84' lang='lat' dir='ltr'>angelorum</span> <span class='ocrx_word' id='word_1_314' title='bbox 1481 3341 1545 3429; x_wconf 76' lang='lat' dir='ltr'>ejus</span> <span class='ocrx_word' id='word_1_315' title='bbox 1561 3336 1770 3429; x_wconf 67' lang='lat' dir='ltr'>offensionem,</span> <span class='ocrx_word' id='word_1_316' title='bbox 1794 3338 1848 3427; x_wconf 75' lang='lat' dir='ltr'>(ab</span> <span class='ocrx_word' id='word_1_317' title='bbox 1862 3361 1897 3412; x_wconf 85' lang='lat' dir='ltr'>rr</span> <span class='ocrx_word' id='word_1_318' title='bbox 1918 3344 2010 3413; x_wconf 79' lang='lat' dir='ltr'>tunila</span> 
     </span>
     <span class='ocr_line' id='line_1_29' title="bbox 531 3430 2009 3529; baseline 0.006 -28"><span class='ocrx_word' id='word_1_319' title='bbox 531 3431 638 3521; x_wconf 75' lang='lat' dir='ltr'>aglests</span> <span class='ocrx_word' id='word_1_320' title='bbox 653 3430 1242 3510; x_wconf 72' lang='lat' dir='ltr'>catholicaEncornntuutcnrtounnt</span> <span class='ocrx_word' id='word_1_321' title='bbox 1260 3438 1335 3504; x_wconf 85' lang='lat' dir='ltr'>arab</span> <span class='ocrx_word' id='word_1_322' title='bbox 1348 3440 1426 3506; x_wconf 86' lang='lat' dir='ltr'>srnni</span> <span class='ocrx_word' id='word_1_323' title='bbox 1438 3439 1541 3529; x_wconf 85' lang='lat' dir='ltr'>populo</span> <span class='ocrx_word' id='word_1_324' title='bbox 1555 3437 1720 3523; x_wconf 75' lang='lat' dir='ltr'>Christiano</span> <span class='ocrx_word' id='word_1_325' title='bbox 1728 3432 2009 3520; x_wconf 74' lang='lat' dir='ltr'>frustraneunsetc.</span> 
     </span>
     <span class='ocr_line' id='line_1_30' title="bbox 532 3527 2009 3631; baseline 0.005 -34"><span class='ocrx_word' id='word_1_326' title='bbox 532 3530 584 3597; x_wconf 92' lang='lat' dir='ltr'>N.</span> <span class='ocrx_word' id='word_1_327' title='bbox 605 3554 660 3599; x_wconf 82' lang='lat' dir='ltr'>rs.</span> <span class='ocrx_word' id='word_1_328' title='bbox 682 3528 716 3597; x_wconf 88' lang='lat' dir='ltr'>in</span> <span class='ocrx_word' id='word_1_329' title='bbox 731 3530 850 3597; x_wconf 72' lang='lat' dir='ltr'>&lt;ibana</span> <span class='ocrx_word' id='word_1_330' title='bbox 870 3531 1000 3617; x_wconf 75' lang='lat' dir='ltr'>ejusdam</span> <span class='ocrx_word' id='word_1_331' title='bbox 1021 3527 1064 3598; x_wconf 90' lang='lat' dir='ltr'>de</span> <span class='ocrx_word' id='word_1_332' title='bbox 1079 3553 1165 3600; x_wconf 86' lang='lat' dir='ltr'>anuo</span> <span class='ocrx_word' id='word_1_333' title='bbox 1190 3552 1231 3620; x_wconf 85' lang='lat'>73</span> <span class='ocrx_word' id='word_1_334' title='bbox 1244 3556 1272 3605; x_wconf 92' lang='lat' dir='ltr'>r.</span> <span class='ocrx_word' id='word_1_335' title='bbox 1290 3532 1379 3604; x_wconf 90' lang='lat' dir='ltr'>idem</span> <span class='ocrx_word' id='word_1_336' title='bbox 1401 3534 1576 3629; x_wconf 88' lang='lat' dir='ltr'>repetitur.</span> <span class='ocrx_word' id='word_1_337' title='bbox 1602 3536 1651 3603; x_wconf 93' lang='lat' dir='ltr'>N.</span> <span class='ocrx_word' id='word_1_338' title='bbox 1672 3558 1727 3627; x_wconf 83' lang='lat'>37.</span> <span class='ocrx_word' id='word_1_339' title='bbox 1744 3534 1779 3605; x_wconf 92' lang='lat' dir='ltr'>iu</span> <span class='ocrx_word' id='word_1_340' title='bbox 1794 3532 1924 3609; x_wconf 78' lang='lat' dir='ltr'>Charta</span> <span class='ocrx_word' id='word_1_341' title='bbox 1947 3542 2009 3631; x_wconf 82' lang='lat' dir='ltr'>Sig-</span> 
     </span>
     <span class='ocr_line' id='line_1_31' title="bbox 530 3622 2010 3728; baseline 0.007 -33"><span class='ocrx_word' id='word_1_342' title='bbox 530 3624 767 3716; x_wconf 72' lang='lat' dir='ltr'>fridiDynaslas</span> <span class='ocrx_word' id='word_1_343' title='bbox 782 3622 824 3695; x_wconf 90' lang='lat' dir='ltr'>de</span> <span class='ocrx_word' id='word_1_344' title='bbox 838 3647 924 3703; x_wconf 82' lang='lat' dir='ltr'>nono</span> <span class='ocrx_word' id='word_1_345' title='bbox 942 3632 1023 3714; x_wconf 83' lang='lat'>768.</span> <span class='ocrx_word' id='word_1_346' title='bbox 1037 3625 1181 3700; x_wconf 83' lang='lat' dir='ltr'>dicitur:</span> <span class='ocrx_word' id='word_1_347' title='bbox 1199 3628 1296 3720; x_wconf 68' lang='lat' dir='ltr'>siquis</span> <span class='ocrx_word' id='word_1_348' title='bbox 1308 3654 1359 3722; x_wconf 85' lang='lat' dir='ltr'>agn</span> <span class='ocrx_word' id='word_1_349' title='bbox 1375 3630 1433 3724; x_wconf 71' lang='lat' dir='ltr'>ipss</span> <span class='ocrx_word' id='word_1_350' title='bbox 1447 3652 1504 3701; x_wconf 85' lang='lat' dir='ltr'>aur</span> <span class='ocrx_word' id='word_1_351' title='bbox 1520 3637 1557 3703; x_wconf 83' lang='lat' dir='ltr'>ds</span> <span class='ocrx_word' id='word_1_352' title='bbox 1574 3622 1659 3702; x_wconf 70' lang='lat' dir='ltr'>berra</span> <span class='ocrx_word' id='word_1_353' title='bbox 1672 3656 1707 3704; x_wconf 85' lang='lat' dir='ltr'>ac</span> <span class='ocrx_word' id='word_1_354' title='bbox 1720 3634 1932 3728; x_wconf 78' lang='lat' dir='ltr'>proheredibus</span> <span class='ocrx_word' id='word_1_355' title='bbox 1944 3639 2010 3707; x_wconf 89' lang='lat' dir='ltr'>rnris</span> 
     </span>
     <span class='ocr_line' id='line_1_32' title="bbox 532 3723 2010 3818; baseline 0.007 -26"><span class='ocrx_word' id='word_1_356' title='bbox 532 3726 590 3792; x_wconf 84' lang='lat' dir='ltr'>vel</span> <span class='ocrx_word' id='word_1_357' title='bbox 604 3724 744 3814; x_wconf 76' lang='lat' dir='ltr'>quislibet</span> <span class='ocrx_word' id='word_1_358' title='bbox 765 3724 826 3791; x_wconf 87' lang='lat' dir='ltr'>ulla</span> <span class='ocrx_word' id='word_1_359' title='bbox 847 3725 975 3815; x_wconf 73' lang='lat' dir='ltr'>oppafira</span> <span class='ocrx_word' id='word_1_360' title='bbox 993 3723 1119 3818; x_wconf 76' lang='lat' dir='ltr'>persona</span> <span class='ocrx_word' id='word_1_361' title='bbox 1143 3726 1197 3815; x_wconf 87' lang='lat' dir='ltr'>qni</span> <span class='ocrx_word' id='word_1_362' title='bbox 1218 3748 1323 3799; x_wconf 83' lang='lat' dir='ltr'>santra</span> <span class='ocrx_word' id='word_1_363' title='bbox 1335 3732 1412 3801; x_wconf 85' lang='lat' dir='ltr'>bans</span> <span class='ocrx_word' id='word_1_364' title='bbox 1427 3732 1623 3801; x_wconf 81' lang='lat' dir='ltr'>tradicionem</span> <span class='ocrx_word' id='word_1_365' title='bbox 1636 3737 1745 3802; x_wconf 81' lang='lat' dir='ltr'>uenire</span> <span class='ocrx_word' id='word_1_366' title='bbox 1757 3738 1938 3815; x_wconf 76' lang='lat' dir='ltr'>conaveris.</span> <span class='ocrx_word' id='word_1_367' title='bbox 1958 3752 2010 3803; x_wconf 82' lang='lat' dir='ltr'>sun</span> 
     </span>
     <span class='ocr_line' id='line_1_33' title="bbox 531 3820 2009 3919; baseline 0.005 -28"><span class='ocrx_word' id='word_1_368' title='bbox 531 3820 706 3911; x_wconf 76' lang='lat' dir='ltr'>infrangere</span> <span class='ocrx_word' id='word_1_369' title='bbox 722 3822 880 3901; x_wconf 83' lang='lat' dir='ltr'>volueris,</span> <span class='ocrx_word' id='word_1_370' title='bbox 906 3825 1040 3913; x_wconf 80' lang='lat' dir='ltr'>inprimis</span> <span class='ocrx_word' id='word_1_371' title='bbox 1058 3826 1137 3892; x_wconf 87' lang='lat' dir='ltr'>iram</span> <span class='ocrx_word' id='word_1_372' title='bbox 1160 3826 1220 3892; x_wconf 85' lang='lat' dir='ltr'>Dei</span> <span class='ocrx_word' id='word_1_373' title='bbox 1240 3829 1378 3898; x_wconf 75' lang='lat' dir='ltr'>incurrat</span> <span class='ocrx_word' id='word_1_374' title='bbox 1394 3825 1520 3919; x_wconf 75' lang='lat' dir='ltr'>offensus</span> <span class='ocrx_word' id='word_1_375' title='bbox 1537 3850 1569 3899; x_wconf 86' lang='lat' dir='ltr'>rr</span> <span class='ocrx_word' id='word_1_376' title='bbox 1586 3827 1620 3897; x_wconf 88' lang='lat' dir='ltr'>ab</span> <span class='ocrx_word' id='word_1_377' title='bbox 1639 3833 1718 3901; x_wconf 82' lang='lat' dir='ltr'>omni</span> <span class='ocrx_word' id='word_1_378' title='bbox 1731 3832 1835 3901; x_wconf 82' lang='lat' dir='ltr'>limine</span> <span class='ocrx_word' id='word_1_379' title='bbox 1845 3832 2009 3917; x_wconf 71' lang='lat' dir='ltr'>{anbrrurn</span> 
     </span>
     <span class='ocr_line' id='line_1_34' title="bbox 531 3917 2008 4024; baseline 0.007 -35"><span class='ocrx_word' id='word_1_380' title='bbox 531 3932 889 3989; x_wconf 72' lang='lat' dir='ltr'>uncotnnwutcnrus</span> <span class='ocrx_word' id='word_1_381' title='bbox 912 3938 1079 4010; x_wconf 77' lang='lat' dir='ltr'>appareat,</span> <span class='ocrx_word' id='word_1_382' title='bbox 1106 3940 1137 3991; x_wconf 85' lang='lat' dir='ltr'>en</span> <span class='ocrx_word' id='word_1_383' title='bbox 1146 3917 1281 4007; x_wconf 79' lang='lat' dir='ltr'>soriam</span> <span class='ocrx_word' id='word_1_384' title='bbox 1294 3924 1366 4014; x_wconf 76' lang='lat' dir='ltr'>fisso</span> <span class='ocrx_word' id='word_1_385' title='bbox 1380 3929 1450 3994; x_wconf 89' lang='lat' dir='ltr'>auri</span> <span class='ocrx_word' id='word_1_386' title='bbox 1468 3929 1612 4015; x_wconf 65' lang='lat' dir='ltr'>untias!</span> <span class='ocrx_word' id='word_1_387' title='bbox 1619 3930 1638 3995; x_wconf 89' lang='lat' dir='ltr'>t</span> <span class='ocrx_word' id='word_1_388' title='bbox 1644 3930 1675 3997; x_wconf 86' lang='lat'>1.</span> <span class='ocrx_word' id='word_1_389' title='bbox 1701 3946 1733 3997; x_wconf 85' lang='lat' dir='ltr'>es</span> <span class='ocrx_word' id='word_1_390' title='bbox 1749 3928 1786 3997; x_wconf 84' lang='lat' dir='ltr'>ds</span> <span class='ocrx_word' id='word_1_391' title='bbox 1805 3950 1930 4022; x_wconf 81' lang='lat' dir='ltr'>argento</span> <span class='ocrx_word' id='word_1_392' title='bbox 1943 3952 2008 4024; x_wconf 87' lang='lat' dir='ltr'>pon·</span> 
     </span>
    </p>
   </div>
   <div class='ocr_carea' id='block_1_7' title="bbox 474 4009 2007 4207">
    <p class='ocr_par' dir='ltr' id='par_1_10' title="bbox 474 4009 2007 4207">
     <span class='ocr_line' id='line_1_35' title="bbox 474 4009 2007 4125; baseline 0.007 -41"><span class='ocrx_word' id='word_1_393' title='bbox 474 4022 489 4095; x_wconf 70' lang='lat' dir='ltr'><em>j</em></span> <span class='ocrx_word' id='word_1_394' title='bbox 532 4018 608 4085; x_wconf 79' lang='lat' dir='ltr'>bara</span> <span class='ocrx_word' id='word_1_395' title='bbox 630 4020 668 4089; x_wconf 83' lang='lat' dir='ltr'>V.</span> <span class='ocrx_word' id='word_1_396' title='bbox 683 4009 838 4099; x_wconf 81' lang='lat' dir='ltr'>exsolvas.</span> <span class='ocrx_word' id='word_1_397' title='bbox 885 4013 987 4087; x_wconf 87' lang='lat' dir='ltr'>Stilus</span> <span class='ocrx_word' id='word_1_398' title='bbox 1004 4015 1197 4112; x_wconf 86' lang='lat' dir='ltr'>hujusmodi</span> <span class='ocrx_word' id='word_1_399' title='bbox 1213 4016 1492 4095; x_wconf 88' lang='lat' dir='ltr'>documentorum</span> <span class='ocrx_word' id='word_1_400' title='bbox 1508 4046 1575 4097; x_wconf 91' lang='lat' dir='ltr'>non</span> <span class='ocrx_word' id='word_1_401' title='bbox 1589 4018 1740 4099; x_wconf 83' lang='lat' dir='ltr'>offendet</span> <span class='ocrx_word' id='word_1_402' title='bbox 1755 4048 1851 4109; x_wconf 85' lang='lat' dir='ltr'>eum,</span> <span class='ocrx_word' id='word_1_403' title='bbox 1874 4028 1934 4125; x_wconf 89' lang='lat' dir='ltr'>qui</span> <span class='ocrx_word' id='word_1_404' title='bbox 1942 4022 2007 4122; x_wconf 89' lang='lat' dir='ltr'>ejus</span> 
     </span>
     <span class='ocr_line' id='line_1_36' title="bbox 532 4104 1967 4207; baseline 0.004 -22"><span class='ocrx_word' id='word_1_405' title='bbox 532 4112 607 4185; x_wconf 84' lang='lat' dir='ltr'>ucri</span> <span class='ocrx_word' id='word_1_406' title='bbox 622 4128 838 4184; x_wconf 83' lang='lat' dir='ltr'>monumenta</span> <span class='ocrx_word' id='word_1_407' title='bbox 858 4104 920 4183; x_wconf 82' lang='lat' dir='ltr'>fibi</span> <span class='ocrx_word' id='word_1_408' title='bbox 930 4114 1064 4187; x_wconf 87' lang='lat' dir='ltr'>notiora</span> <span class='ocrx_word' id='word_1_409' title='bbox 1078 4111 1241 4207; x_wconf 70' lang='lat' dir='ltr'>effeceris.</span> <span class='ocrx_word' id='word_1_410' title='bbox 1963 4146 1967 4161; x_wconf 91' lang='lat'><strong>·</strong></span> 
     </span>
    </p>
   </div>
   <div class='ocr_carea' id='block_1_8' title="bbox 0 0 2260 5550">
    <p class='ocr_par' dir='ltr' id='par_1_11' title="bbox 0 0 2260 5550">
     <span class='ocr_line' id='line_1_37' title="bbox 0 0 2260 5550; baseline 0 3"><span class='ocrx_word' id='word_1_411' title='bbox 0 0 2260 5550; x_wconf 95' lang='lat' dir='ltr'> </span> 
     </span>
    </p>
   </div>
  </div>
 </body>
</html>
