4509 5550
312 504 318 521 ’
435 586 439 595 ·
487 594 562 674 no
616 565 732 646 orss.
757 557 1869 670 cannono-ntsrontco.cannono-roatici
1992 605 1996 612 -

341 802 345 809 -
493 738 604 829 alium
626 751 796 820 internum
811 747 986 830 credendi,
1012 745 1119 845 potest
1140 767 1249 820 tanten
1264 745 1299 818 id
1313 709 1423 844 quoad
1438 741 1549 816 eiiurn
1566 769 1758 829 externum,
1784 751 1862 845 quia
1880 751 1984 822 Prin·

329 881 347 914 r
492 873 572 946 ceps
590 846 630 920 ad
646 843 903 931 conservandam
919 851 1035 918 Pacem
1051 849 1085 916 in
1102 844 1285 940 Republica
1306 840 1413 942 potest
1429 842 1613 940 prohibere
1627 847 1822 918 exercitium
1841 874 1908 920 non
1922 873 1978 919 to·

491 947 604 1060 lerata
619 945 824 1114 Requqonkip,
846 967 962 1111 utpote
979 943 1070 1042 quod
1085 966 1146 1017 nec
1162 942 1324 1026 tolerare,
1339 945 1409 1016 into
1423 944 1539 1038 potius
1555 943 1728 1018 climinare
1743 942 1879 1042 speciali
1895 971 1979 1020 con·

492 1067 686 1120 vennonea
738 1067 766 1112 rr
803 1065 912 1115 use.
973 1102 979 1110 .

324 1257 363 1324 qn
399 1249 485 1320 qma.
605 1211 772 1310 Equidem
792 1211 827 1281 in
846 1201 989 1280 Ecclesia
1011 1205 1182 1299 primitiva
1202 1205 1378 1285 haereticos
1405 1237 1501 1309 poena
1525 1209 1693 1310 corporali
1716 1212 1852 1306 punitos
1872 1208 1972 1288 fuillie

310 1331 378 1406 tiva
398 1335 461 1399 Ec·
491 1342 559 1389 non
574 1315 738 1406 legimu⁸3
761 1331 871 1404 neque
885 1307 923 1376 eu
936 1297 1076 1374 incultus
1091 1327 1163 1375 erat
1174 1305 1219 1377 ob
1234 1309 1419 1383 infidelium
1434 1315 1638 1408 potentiam,
1666 1309 1699 1380 dt
1718 1306 1868 1385 fidelium
1888 1335 1974 1406 pau·

310 1413 480 1487 'clelialiae-
492 1417 645 1493 citatem,
668 1431 729 1480 nec
742 1431 785 1478 eo
801 1401 999 1477 descendere
1015 1397 1125 1472 suisset
1139 1410 1317 1499 expediens
1335 1433 1475 1506 propter
1489 1408 1657 1487 scandala,
1682 1431 1755 1502 quae
1770 1431 1849 1480 tunc
1867 1403 1969 1482 facile

308 1505 402 1570 retici
417 1517 482 1564 ⁰⁰¹¹
490 1503 669 1610 potuissent
681 1507 778 1578 oriri.
828 1500 941 1574 Posica
957 1499 1116 1594 paulatim
1133 1504 1242 1596 puniti
1259 1504 1354 1596 stent,
1381 1531 1469 1578 none
1484 1508 1601 1586 exilio,
1617 1507 1651 1597 c)
1667 1528 1752 1575 nunc
1767 1503 1891 1577 ntuidia
1908 1531 1969 1602 pe·

308 1588 464 1726 sucipit&
489 1610 653 1686 censorie,
675 1605 828 1694 0⁰⁰¹ss
848 1593 1016 1668 'missfflsse
1039 1603 1191 1670 omnium
1214 1603 1398 1686 bonorum,
1420 1605 1453 1695 e)
1476 1609 1633 1700 Denique
1655 1605 1721 1683 eis,
1743 1607 1801 1697 qui
1828 1601 1969 1674 hetefin

307 1679 426 1814 pffie
485 1699 778 1802 Eutychianamdt
797 1697 944 1791 reliquae
960 1697 1176 1790 pertinaciter
1190 1694 1311 1772 docere
1327 1701 1403 1773 dein
1419 1705 1636 1782 tentaverint,
1656 1700 1819 1771 ¹ultitnom
1838 1700 1969 1796 suppli·

305 1771 328 1835 q
413 1795 422 1812 ⁹
483 1809 576 1880 ciunt
589 1800 772 1970 statuerunt
786 1795 955 1892 ¹¹¹²PP·f)
971 1815 1011 1868 0¹
1025 1817 1094 1890 <1⁰0
1107 1795 1252 1893 proinde
1269 1795 1443 1874 Conclufio
1457 1795 1556 1898 supra
1572 1803 1613 1894 (§
1635 1801 1759 1889 xxii.)
1774 1795 1880 1894 postca
1895 1821 1970 1870 ma·

483 1926 534 1997 gre
551 1924 613 1972 con
640 1919 779 1968 rmatur.

206 2080 207 2083 ¹
333 2093 476 2161 Diluitur
598 2069 634 2140 Si
650 2088 799 2162 regeres:
825 2081 934 2136 textus
950 2060 1144 2162 desunlpms
1160 2089 1198 2136 ex
1214 2061 1376 2161 Apostolo
1392 2063 1434 2136 ad
1449 2061 1573 2154 Titum
1585 2065 1625 2160 g)
1643 2063 1768 2158 inquit:
1801 2065 1965 2134 Hominem

301 2181 397 2244 etiam
416 2170 647 2238 onerantem
669 2165 796 2244 devita,
827 2165 942 2253 scient,
968 2165 1193 2255 quiasuperius
1208 2163 1269 2253 esta
1295 2189 1360 2232 non
1379 2187 1488 2235 autern
1508 2161 1625 2234 habet:
1652 2167 1766 2232 occide:
1805 2165 1897 2252 Ergo
1912 2163 1963 2230 ni·

298 2261 399 2346 deffl⁰
411 2257 471 2319 αὖ·
481 2265 529 2338 hil
542 2260 675 2334 videtur
688 2257 843 2356 probare.
892 2280 932 2336 ur.
947 2261 994 2326 Ex
1008 2262 1156 2341 Berono,
1174 2257 1373 2356 Apostolum
1388 2286 1455 2330 non
1471 2256 1625 2358 scripisse
1641 2260 1788 2356 Principi
1804 2261 1960 2341 Politice,

326 2365 331 2375 '
478 2366 538 2458 qui
551 2359 662 2454 gladio
682 2355 868 2453 corporali,
890 2352 944 2425 sed
960 2353 1144 2454 Episcopo,
1172 2359 1230 2454 qui
1247 2356 1358 2450 gladio
1373 2355 1394 2426 s
1386 2359 1554 2454 pirituali,
1578 2358 1613 2428 id
1632 2353 1694 2428 elit
1728 2358 1960 2452 increpatione

347 2549 353 2566 ι
474 2461 512 2534 ’ἃ
527 2457 867 2531 excommunicatione
882 2453 1000 2527 debeat
1019 2458 1085 2538 uti,
1112 2456 1190 2530 hine
1205 2459 1240 2527 itt
1254 2474 1344 2530 terto
1360 2479 1469 2550 greco
1485 2457 1609 2551 iegitur
1623 2475 1727 2556 negat
1743 2457 1815 2535 Tri,
1842 2452 1877 2524 id
1891 2449 1960 2526 est:

448 2683 464 2700 ⁰
588 2688 691 2791 Qod
711 2683 736 2762 si
756 2711 798 2761 eo
819 2705 975 2783 tempore
985 2678 1121 2757 fuissent
1142 2639 1314 2788 Principes
1335 2682 1533 2768 Christiani,
1559 2709 1704 2784 quorum
1732 2687 1843 2758 Curiae
1863 2675 1955 2757 tradi

290 2832 378 2894 fico,
399 2828 437 2888 ,b
473 2788 651 2962 potuissent
665 2787 706 2859 ab
722 2784 890 2883 Episcopo
903 2783 1079 2854 haereticus
1103 2786 1272 2879 pertinax,
1300 2782 1426 2857 &salsa
1446 2786 1600 2877 dogmata
1616 2785 1807 2878 divulgans,
1828 2782 1955 2881 porois·

290 2906 457 2993 Episcopis
490 2888 768 2984 etutiqueTitus
783 2877 901 2977 Episco
927 2904 966 2949 os
982 2879 1385 2976 ejusmodi'seduliorem,
1412 2882 1871 2966 &eseercommuniratum
1897 2882 1956 2956 scd

288 2981 738 3087 tradiooffeincomgibilem
756 2904 964 3091 gravioridus
980 2981 1085 3073 poenis
1109 2974 1350 3075 subjugandum
1365 2978 1557 3065 extradere;
1577 2982 1725 3055 haretici
1742 2984 1848 3062 enim,
1873 2984 1953 3054 cum

290 3070 430 3167 Enchffl.
473 3108 536 3180 per
548 3082 751 3177 biplismum
768 3073 831 3159 fini
842 3071 973 3165 lngfeffi
990 3074 1184 3159 Ecclesium,
1208 3100 1362 3155 tenentur
1378 3074 1526 3151 Ecclcfiae
1540 3102 1697 3175 tanquam
1718 3077 1841 3151 subditi
1854 3102 1953 3179 pere·

290 3152 431 3252 sae⁰i¹¹²f¹
470 3206 528 3265 rc,
553 3180 703 3273 adeoque
717 3178 802 3244 Haec
816 3170 868 3267 jue
883 3170 1051 3267 quaefirum
1068 3170 1185 3257 haber,
1210 3176 1343 3274 quando
1357 3173 1449 3249 afide
1464 3180 1496 3247 in
1513 3174 1679 3273 baptismo
1689 3177 1763 3248 data
1776 3178 1952 3263 recedunt,

288 3254 423 3389 igin&
469 3287 697 3373 ‘millium
709 3268 850 3343 libell&
864 3270 1059 3351 miscendi,
1083 3267 1245 3369 squidem
1253 3273 1378 3345 malitia
1392 3274 1539 3345 heretici
1552 3272 1728 3347 Ecclesiam
1742 3271 1952 3371 jurisdiiiio-

328 3406 332 3413 ·
351 3364 361 3388 ’
467 3402 511 3451 ne
527 3372 582 3445 soa
598 3374 733 3471 privare
753 3394 820 3441 non
836 3365 955 3451 debet,
978 3368 1121 3464 proinde
1136 3367 1209 3441 casu
1226 3396 1295 3467 quo
1306 3372 1397 3445 videt
1411 3369 1555 3445 censuris
1577 3372 1610 3445 dr
1628 3376 1752 3470 poenis,
1778 3398 1858 3467 quas
1876 3370 1951 3471 ipsa

345 3564 350 3573 ,
466 3474 621 3565 infligere
633 3466 761 3567 potest,
785 3466 870 3537 nihil
884 3461 1023 3562 profici,
1044 3464 1128 3560 julie
1142 3468 1324 3563 implorato
1333 3470 1475 3543 Brachto
1488 3468 1635 3542 seculari
1651 3473 1758 3543 utitur
1770 3469 1810 3541 ed
1827 3470 1949 3544 tollen·

467 3576 548 3645 dunt
572 3567 758 3639 scandalum
783 3564 825 3634 de
852 3562 963 3633 medio
984 3562 1115 3659 populi.
1163 3570 1293 3638 Verum
1314 3568 1349 3639 id
1370 3593 1408 3640 ea
1435 3590 1549 3659 atate,
1571 3592 1649 3641 curn
1673 3572 1879 3667 imperator,
1906 3592 1947 3641 ac

465 3664 683 3760 Magistratus
694 3662 832 3757 gentiles
850 3656 969 3741 essent,
992 3662 1079 3733 ratio
1095 3683 1288 3761 temporum
1306 3690 1399 3761 eque
1416 3690 1482 3737 non
1505 3665 1714 3761 patiebatur,
1736 3688 1845 3763 neque
1862 3688 1946 3739 runc

462 3792 502 3851 3⁰
516 3763 728 3837 introducere
738 3759 1078 3841 ῐῐθᾶῑῐῖθῦθΡῦῐῐῦῐῦ,
1103 3758 1137 3831 di
1154 3758 1321 3834 Consensu
1336 3761 1485 3835 Ecclestae
1497 3762 1641 3836 liberum
1657 3782 1745 3848 erat,
1766 3788 1838 3863 que
1849 3760 1946 3833 dein.

463 3866 507 3937 de
523 3861 608 3934 salva
623 3858 700 3932 fidei
716 3853 908 3936 substantia,
934 3875 990 3927 aut
1002 3858 1037 3926 in
1051 3856 1226 3931 meliorem
1236 3860 1389 3937 ordinem
1404 3860 1437 3937 dt
1451 3857 1585 3959 frugem
1599 3860 1753 3950 redaila,
1776 3884 1834 3935 aut
1845 3882 1944 3959 aper·
2046 3880 2049 3905 t

461 3984 501 4038 to
518 3959 596 4043 usu,
624 3959 659 4030 dr
672 3952 752 4028 ausu
766 3948 956 4026 introdudie
972 3977 1010 4027 ac
1023 3956 1145 4029 tradita
1158 3952 1269 4035 suere.

498 4130 540 4213 ι)
561 4124 668 4195 Tra&
687 4126 738 4189 oo.
761 4123 795 4187 in
814 4119 907 4197 Joan.
931 4148 934 4152 >

498 4242 532 4321 ir)
553 4244 586 4307 in
607 4243 675 4309 lib.
695 4240 737 4308 V.
755 4238 829 4304 Inst.
845 4257 913 4327 rap.
934 4256 983 4325 19.
1004 4240 1099 4310 Conl.
1119 4242 1157 4309 dr
1175 4242 1303 4333 Ziegler
1323 4246 1364 4314 de
1380 4245 1444 4331 iot.
1462 4243 1537 4327 Mai.
1556 4246 1626 4317 Lib.
1648 4266 1677 4319 1.
1695 4270 1725 4319 c.
1745 4248 1793 4317 16.
1814 4248 1849 4333 ς.
1866 4260 1901 4337 3.

499 4363 533 4442 e)
554 4358 591 4423 L.
616 4358 788 4440 Arrianis.
809 4358 890 4425 Cod.
913 4360 953 4425 de
974 4360 1172 4431 Haeteticie.‘
2046 4353 2047 4361 ἵ

497 4472 539 4557 d)
559 4472 595 4539 L.
616 4472 729 4539 cnoffi
749 4476 913 4544 Haeretici.
934 4498 966 4563 3.
988 4470 1067 4543 Cod.
1088 4482 1162 4551 eod.

496 4599 531 4680 e)
551 4590 587 4664 L.
608 4591 775 4663 Maniohaei
794 4614 845 4681 15.
867 4596 901 4668 io
918 4594 967 4668 du
985 4596 1059 4677 eod,
1102 4633 1105 4638 ·
1355 4676 1358 4683 ,
1830 4688 1858 4773 f
