4509 5550
434 558 571 655 ψ...
944 540 1526 627 orssnnrnrto

399 780 404 791 »
500 734 536 823 lu
558 730 713 813 domitio,
739 752 777 801 oc
797 750 859 825 per
880 720 1171 799 Pseudo-Mediae
1191 718 1315 807 deluliu,
1325 724 1436 795 minus
1454 720 1674 797 metuendum
1687 718 1734 797 est
1751 722 1892 819 periculi
1906 749 1993 824 pet·

503 829 676 905 turbondae
699 829 822 925 quietis¹
842 822 1000 923 publice,
1026 820 1083 895 etfi
1107 848 1176 895 non
1199 820 1355 895 delerent
1375 822 1502 905 enimi,
1535 817 1693 893 defuturo
1715 820 1796 895 elsct
1820 828 1997 919 potentie,

501 954 568 1024 que
590 924 709 999 misero
730 925 786 996 illu
808 924 907 1011 orbis,
923 916 1158 1018 ejellentento,
1183 921 1313 993 ntuilio
1330 922 1440 1016 cupito
1463 924 1598 1017 penitus
1619 944 1744 994 cerunt.
1797 925 1838 1014 2)
1863 923 1999 995 lisdem

504 1049 639 1101 econtra
658 1030 741 1123 Jure
762 1024 944 1095 Communi
966 1046 1032 1096 non
1055 1016 1257 1116 prohibetur
1276 1020 1464 1117 Imperium
1486 1028 1656 1090 Romanum
1670 1035 1728 1101 nt,
1748 1042 1809 1091 nec
1824 1022 1928 1096 inuiti
1955 1020 2000 1091 td

470 1110 474 1121 ¹
502 1120 708 1219 Baptismum
725 1122 810 1191 trahi
826 1116 977 1216 poffuntc
1025 1124 1081 1189 An
1096 1140 1179 1191 vero
1193 1140 1322 1189 eorum.
1336 1111 1480 1188 infantes
1500 1119 1615 1189 invitis
1630 1117 1825 1213 parentibus
1840 1116 1999 1215 baptizo·

504 1246 543 1297 re
561 1223 682 1293 licent?
706 1215 895 1289 dillentiunt
907 1214 1079 1307 Theologi
1097 1212 1219 1296 nollri,
1249 1215 1439 1300 trimeter
1461 1214 1595 1299 Statilio
1617 1222 1674 1305 o),
1702 1213 1777 1287 sunt
1794 1217 1886 1290 eninr
1901 1240 2001 1287 extre

497 1316 704 1399 -Ecclesrrm,
728 1318 846 1412 quaede
860 1319 897 1385 iis
909 1339 966 1385 nun
978 1318 1115 1407 judicat,
1139 1318 1191 1403 qui
1201 1312 1366 1404 soris-[unt
1399 1312 1434 1403 ),
1457 1320 1518 1383 nec
1532 1309 1835 1384 constitutionibus
1849 1314 2004 1385 Cononi-

506 1420 556 1487 cis
571 1415 779 1508 ligenturq);
834 1415 884 1483 Hi
898 1436 997 1494 vero,
1022 1412 1099 1505 quin
1115 1405 1231 1480 fideles
1243 1410 1353 1482 adhuc
1367 1334 1441 1481 dunt
1455 1410 1488 1481 dt
1504 1408 1704 1492 Christiani,
1728 1434 1766 1481 ec
1778 1432 1855 1480 cum
1871 1410 2003 1481 Cotho-

511 1512 585 1585 licis
604 1516 637 1585 in
658 1510 818 1592 Ecclefir,
840 1510 992 1606 Fideque
1012 1504 1108 1581 fuere
1134 1508 1222 1580 uniri
1238 1506 1350 1603 (supr.
1371 1512 1403 1597 l.
1420 1512 1486 1578 111.
1506 1508 1523 1596 )
1546 1506 1588 1578 nd
1604 1532 1679 1579 erm
1694 1504 1794 1580 semel
1809 1503 2002 1606 susceptam

475 1646 479 1667 r
511 1610 704 1683 servendum
721 1612 796 1701 cogi
817 1605 950 1706 poliunt
965 1610 1018 1697 r);
1042 1630 1084 1677 ex
1099 1628 1168 1700 quo
1179 1608 1270 1679 eninr
1285 1606 1464 1679 reticerem
1473 1627 1722 1698 cognorerunt,
1745 1628 1814 1677 nun
1827 1603 2002 1677 debebunt

512 1708 656 1805 emplius
670 1706 859 1798 retrogredi
875 1712 921 1799 s).
972 1706 1065 1801 Quin
1080 1705 1150 1775 imo
1170 1726 1233 1800 per
1247 1728 1363 1775 rerum
1376 1704 1617 1800 temporalium
1631 1701 1886 1801 spoliationem,
1910 1701 2003 1775 lire·

512 1803 629 1903 spello
650 1806 690 1876 ud
712 1802 888 1877 Ecclesium
908 1802 942 1871 id
967 1800 1043 1882 fiet,
1070 1800 1186 1873 reduci
1207 1799 1248 1873 ud
1267 1798 1445 1885 Ecclesrotn
1469 1797 1603 1898 pellunt
1616 1804 1668 1895 t);
1692 1824 1762 1871 oon
1781 1800 1871 1873 enirn
1887 1802 2001 1897 majus

512 1902 576 1987 eil,
600 1904 689 1975 unde
704 1899 900 1973 sucrificium
915 1900 994 1973 Deo
1004 1894 1101 1997 poffit
1117 1896 1254 1981 offerri,
1279 1896 1416 1996 quemfi
1426 1899 1620 1980 ordinetur,
1646 1921 1684 1971 ut
1699 1898 1754 1980 bi,
1779 1898 1839 1995 qui
1856 1896 2000 1970 insuam

514 1998 697 2077 &suorum
717 2002 902 2099 perniciem
922 1996 1170 2086 debachantur,
1197 2002 1415 2071 coerceantur
1434 1998 1643 2095 competenti
1660 1998 1778 2090 vigore
1792 1999 1853 2090 u),
1878 1991 2003 2071 facilli·

1333 2136 1339 2143 ·
1869 2118 1998 2191 meque

404 2320 407 2329 .
561 2264 599 2347 tt)
620 2262 657 2330 L.
670 2263 701 2328 6.
714 2260 793 2327 Cod.
806 2262 846 2325 de
856 2260 999 2345 Pagone.
1012 2260 1172 2327 Ounnnn.
1184 2260 1277 2325 eont.
1291 2258 1363 2344 264.
1373 2256 1409 2325 dt
1422 2278 1518 2325 exeo
1532 2258 1890 2345 decrementum.
1903 2284 1936 2328 n.
1950 2276 1998 2339 18.

461 2366 465 2373 ·
600 2372 602 2381 ·
631 2346 759 2412 voto.
772 2342 865 2408 Coos.
889 2364 936 2427 ¹3·
951 2362 982 2409 n.
1003 2362 1053 2427 23.
1068 2344 1144 2411 Vol.
1180 2346 1343 2410 ,Menum
1359 2344 1451 2410 treet,
1471 2346 1513 2408 de
1528 2346 1680 2411 Aduocot.
1695 2356 1820 2410 ortum
1833 2366 1906 2429 cup.
1920 2359 1950 2423 8.
1966 2368 1998 2413 u.

633 2447 705 2511 255.
727 2428 790 2509 sqq.
850 2428 992 2509 Ideoque
1010 2426 1081 2510 iplis
1096 2428 1128 2491 in
1149 2366 1185 2496 li.
1204 2428 1284 2511 Imp.
1328 2425 1504 2513 rescriptor
1525 2428 1571 2491 est
1590 2430 1694 2493 etiem.
1708 2430 1845 2494 vivendi
1863 2431 2000 2507 motor,

528 2597 533 2604 .
634 2508 804 2611 praesertlm
822 2510 919 2573 Auno
940 2530 1031 2595 1530.
1048 2510 1204 2595 Augusto
1223 2510 1276 2575 sub
1295 2446 1392 2575 duur.
1412 2525 1467 2577 utu
1480 2508 1610 2610 flulttt,³
1625 2515 1682 2579 nul
1700 2511 1790 2592 lbtttu
1805 2512 1946 2591 Μῶα.

561 2636 597 2716 o)
619 2630 753 2699 Scorus
772 2630 855 2693 euim
873 2630 905 2691 in
920 2647 952 2711 4.
965 2628 1032 2707 dist.
1048 2650 1078 2711 4.
1092 2629 1199 2712 quaest.
1215 2620 1246 2711 ui
1266 2628 1432 2693 Geram
1447 2626 1563 2691 ibidem
1579 2626 1687 2710 qurest.
1700 2646 1731 2696 2.
1744 2629 1842 2693 dubio
1912 2629 2000 2695 Dro-

636 2734 766 2781 nrsrus
779 2713 1062 2778 Cnnrrrusrrtnus
1077 2715 1107 2778 in
1120 2734 1150 2797 4
1163 2714 1231 2778 dill.
1241 2730 1273 2796 4.
1288 2709 1396 2795 quaest.
1432 2709 1687 2776 .V1u1.nr.oooe
1698 2708 1797 2777 Tom.
1808 2710 1834 2777 l.
1879 2712 1957 2780 mdc
1967 2728 1997 2796 5.

636 2797 782 2861 difficult.
795 2815 844 2878 ¹5·
855 2815 940 2858 nunt.
952 2815 983 2878 7.
995 2795 1135 2859 fetentur
1147 2798 1292 2878 quidem,
1313 2811 1380 2856 non
1395 2814 1414 2857 e
1439 2793 1592 2856 elicitum
1608 2795 1744 2878 priuatis
1762 2795 1928 2878 personis,
1945 2813 1999 2860 eo·

637 2898 707 2944 rum
720 2877 894 2942 infidelium
905 2875 1053 2952 insontes,
1073 2878 1145 2962 ipfis
1157 2879 1281 2948 invitis,
1295 2877 1476 2960 baptizem
1495 2876 1615 2940 docent
1628 2888 1735 2940 tumen
1753 2880 1786 2940 id
1804 2873 1868 2942 elle
1879 2879 1999 2944 licitum

636 2959 789 3043 Principi,
808 2961 862 3041 qui
878 2979 937 3023 eoo
951 2961 1089 3025 civiliter
1102 2973 1227 3026 tamum
1238 2959 1305 3022 live
1316 2957 1450 3044 politico
1465 2958 1607 3024 subditur
1620 2959 1732 3036 hebet,
1750 2961 1818 3024 imo
1831 2965 1937 3026 teneri
1947 2979 1998 3023 cu·

637 3061 703 3106 torn
721 3043 853 3114 bebere,
874 3052 912 3104 ut
927 3042 1130 3128 baptizentur
1142 3063 1255 3106 omnen
1267 3041 1314 3105 illi
1325 3042 1471 3126 purvuli,
1493 3043 1616 3105 ctutelu
1633 3053 1741 3106 tumen
1754 3041 1911 3120 adhibita,
1934 3053 1999 3107 ott

637 3125 820 3270 pprentibus
839 3123 985 3207 separati,
1015 3127 1054 3188 ud
1069 3127 1207 3189 edultum
1232 3135 1361 3189 aetotem
1404 3125 1624 3199 erueoientec,
1643 3127 1683 3187 td
1701 3145 1760 3189 eon
1774 3145 1840 3188 nou
1855 3129 1999 3194 redeunt,

719 3207 840 3271 ericulo
865 3207 1024 3289 upostefire
1038 3228 1103 3271 non
1126 3219 1340 3291 exponentur.
1365 3204 1369 3214 “
1431 3218 1524 3270 onttu
1545 3226 1612 3272 uon
1626 3206 1739 3278 licere,
1782 3209 1884 3274 ublioe
1903 3209 1998 3272 etiem

639 3227 835 3356 tutboritrte
851 3288 1019 3373 Principis,
1049 3293 1211 3374 buptizore
1231 3290 1344 3356 invitio
1360 3290 1547 3436 potentibus
1566 3289 1703 3356 inianter
1722 3229 1914 3365 inddelium‚
1947 3289 2000 3370 qui

638 3371 771 3456 politice
786 3383 908 3434 tuntum
923 3373 957 3436 dc
973 3372 1113 3437 civiliter
1126 3373 1249 3438 subsunt
1261 3371 1358 3436 Eocle

640 3465 694 3519 oet
710 3454 816 3519 Divus
832 3451 987 3518 Trronrne
1003 3454 1055 3518 hic
1076 3466 1135 3520 art.
1155 3477 1203 3522 10.
1217 3453 1427 3520 Cernnouus
1443 3474 1543 3532 vero,
1563 3455 1790 3528 uersuros,
1817 3455 1997 3520 Centrum·

637 3555 725 3610 nus,
748 3535 782 3599 dc
795 3535 913 3602 Sunrtu
924 3533 1044 3600 docent
1060 3537 1234 3622 Principem
1249 3535 1455 3602 Christianum
1470 3553 1535 3601 nou
1549 3535 1636 3622 polle
1648 3539 1802 3620 purvulos
1818 3537 1998 3607 infidelium,

639 3621 736 3682 etium
743 3617 901 3702 serviliter
915 3619 969 3702 ipli
983 3619 1195 3696 subditorum,
1214 3622 1428 3702 aparentibus
1442 3621 1555 3685 invitis
1571 3620 1719 3704 seperare,
1735 3619 1770 3682 dt
1782 3619 1829 3700 ito
1844 3619 1997 3705 separator

639 3701 815 3783 baptizare.
859 3699 918 3764 Cui
932 3703 1077 3786 opinioni
1093 3714 1198 3769 tomen
1217 3703 1430 3768 communiter
1441 3705 1674 3768 contrariantur
1689 3703 1916 3776 Tuomst-n,
1936 3699 1999 3764 cr·

640 3802 816 3860 Jnrnnus,
859 3779 971 3855 Souo,
1008 3784 1195 3861 tenesne,
1230 3785 1383 3857 Nunno,
1413 3783 1601 3858 Crunnnn,
1632 3785 1842 3863 Cnnnruus,
1873 3784 1909 3851 dt
1930 3782 2006 3857 etit.

642 3883 725 3948 quoe
737 3864 815 3928 citet
829 3861 863 3928 dt
875 3861 1012 3948 sequitur
1028 3861 1335 3935 Mortiuezol’rodo
1349 3867 1403 3934 hic
1421 3863 1520 3934 dubio
1536 3888 1569 3954 7.
1580 3868 1615 3953 S.
1625 3867 1658 3934 6.

496 4041 499 4046 .
568 3983 611 4072 p)
629 3981 655 4048 1.
671 3981 815 4050 Corinth.
830 3997 874 4080 5.ι

568 4105 605 4190 q)
628 4123 695 4187 etp.
713 4100 889 4169 &autemus
904 4099 944 4164 de
958 4101 1079 4168 divort.

425 4227 430 4232 “
569 4224 606 4306 r)
624 4221 701 4290 Con.
721 4219 867 4318 Displicet
877 4217 967 4285 cent
980 4237 1030 4304 ῃ.
1046 4237 1075 4302 q.
1087 4235 1121 4302 4.

571 4341 607 4422 s)
630 4341 705 4406 buc.
719 4360 752 4424 9.

573 4459 603 4538 t)
626 4457 702 4522 Con.
714 4477 773 4544 quo
780 4457 854 4542 jure
864 4451 941 4522 Dist.
954 4463 984 4528 8.
998 4449 1074 4542 Con.
1088 4449 1125 4514 dt
1136 4449 1309 4537 Liguribus
1322 4451 1411 4523 crus.
1425 4471 1477 4541 23.
1491 4473 1522 4542 q.
1538 4472 1570 4542 5.
1597 4487 1606 4502 ·

574 4578 611 4652 tt)
632 4573 708 4646 Cau.
722 4575 806 4660 quota·
822 4589 878 4640 tros
892 4571 980 4640 Ceus.
993 4589 1045 4654 23.
1062 4587 1092 4655 q.
1109 4587 1142 4654 ⁵·

1382 3392 1430 3448 κ,
1448 3373 1501 3436 seu
1517 3371 1711 3456 Principibus
1724 3372 1926 3445 Christianis,
1946 3373 1999 3433 do·
