<?xml version="1.0" encoding="UTF-8"?>
<!DOCTYPE html PUBLIC "-//W3C//DTD XHTML 1.0 Transitional//EN"
    "http://www.w3.org/TR/xhtml1/DTD/xhtml1-transitional.dtd">
<html xmlns="http://www.w3.org/1999/xhtml" xml:lang="en" lang="en">
 <head>
  <title>
</title>
<meta http-equiv="Content-Type" content="text/html;charset=utf-8" />
  <meta name='ocr-system' content='tesseract 3.04.00' />
  <meta name='ocr-capabilities' content='ocr_page ocr_carea ocr_par ocr_line ocrx_word'/>
</head>
<body>
  <div class='ocr_page' id='page_1' title='image "./thesavrvsivrise02schmgoog_0023.png"; bbox 0 0 4509 5550; ppageno 0'>
   <div class='ocr_carea' id='block_1_1' title="bbox 518 611 1764 724">
    <p class='ocr_par' dir='ltr' id='par_1_1' title="bbox 518 543 1793 759">
     <span class='ocr_line' id='line_1_1' title="bbox 518 611 1764 724; baseline -0.001 -26"><span class='ocrx_word' id='word_1_1' title='bbox 518 617 618 698; x_wconf 47' lang='lat' dir='ltr'>nr,</span> <span class='ocrx_word' id='word_1_2' title='bbox 647 611 1134 702; x_wconf 81' lang='lat' dir='ltr'>Tnnnstnrronn</span> <span class='ocrx_word' id='word_1_3' title='bbox 1180 617 1464 702; x_wconf 81' lang='lat' dir='ltr'>nrrscoar.</span> <span class='ocrx_word' id='word_1_4' title='bbox 1724 638 1764 724; x_wconf 93' lang='lat'><em>9</em></span> 
     </span>
    </p>
   </div>
   <div class='ocr_carea' id='block_1_2' title="bbox 385 789 1748 1450">
    <p class='ocr_par' dir='ltr' id='par_1_2' title="bbox 385 789 1748 1450">
     <span class='ocr_line' id='line_1_2' title="bbox 390 789 1748 886; baseline 0.003 -20"><span class='ocrx_word' id='word_1_5' title='bbox 390 807 525 866; x_wconf 82' lang='lat' dir='ltr'>attamen</span> <span class='ocrx_word' id='word_1_6' title='bbox 553 799 596 864; x_wconf 84' lang='lat' dir='ltr'>de</span> <span class='ocrx_word' id='word_1_7' title='bbox 618 801 801 884; x_wconf 80' lang='lat' dir='ltr'>privilegio,</span> <span class='ocrx_word' id='word_1_8' title='bbox 819 801 875 864; x_wconf 84' lang='lat' dir='ltr'>vel</span> <span class='ocrx_word' id='word_1_9' title='bbox 897 800 1067 886; x_wconf 86' lang='lat' dir='ltr'>approbata</span> <span class='ocrx_word' id='word_1_10' title='bbox 1099 801 1342 876; x_wconf 86' lang='lat' dir='ltr'>consuetudine,</span> <span class='ocrx_word' id='word_1_11' title='bbox 1361 802 1417 866; x_wconf 81' lang='lat' dir='ltr'>nel</span> <span class='ocrx_word' id='word_1_12' title='bbox 1443 808 1574 885; x_wconf 88' lang='lat' dir='ltr'>propter</span> <span class='ocrx_word' id='word_1_13' title='bbox 1603 789 1748 870; x_wconf 74' lang='lat' dir='ltr'>rationes</span> 
     </span>
     <span class='ocr_line' id='line_1_3' title="bbox 389 882 1748 967; baseline 0.001 -21"><span class='ocrx_word' id='word_1_14' title='bbox 389 885 534 967; x_wconf 84' lang='lat' dir='ltr'>politicas</span> <span class='ocrx_word' id='word_1_15' title='bbox 556 883 736 959; x_wconf 83' lang='lat' dir='ltr'>suadentes,</span> <span class='ocrx_word' id='word_1_16' title='bbox 759 885 915 947; x_wconf 86' lang='lat' dir='ltr'>interdum</span> <span class='ocrx_word' id='word_1_17' title='bbox 932 883 1126 964; x_wconf 73' lang='lat' dir='ltr'>dignoscitur</span> <span class='ocrx_word' id='word_1_18' title='bbox 1145 883 1207 948; x_wconf 80' lang='lat' dir='ltr'>eise</span> <span class='ocrx_word' id='word_1_19' title='bbox 1220 896 1313 947; x_wconf 82' lang='lat' dir='ltr'>extra</span> <span class='ocrx_word' id='word_1_20' title='bbox 1329 885 1495 949; x_wconf 86' lang='lat' dir='ltr'>civitatem</span> <span class='ocrx_word' id='word_1_21' title='bbox 1512 882 1748 962; x_wconf 68' lang='lat' dir='ltr'>cathedralem</span> 
     </span>
     <span class='ocr_line' id='line_1_4' title="bbox 387 965 1744 1048; baseline 0.004 -22"><span class='ocrx_word' id='word_1_22' title='bbox 387 967 435 1028; x_wconf 90' lang='lat' dir='ltr'>uti</span> <span class='ocrx_word' id='word_1_23' title='bbox 458 965 642 1048; x_wconf 81' lang='lat' dir='ltr'>Treuirenstr</span> <span class='ocrx_word' id='word_1_24' title='bbox 661 965 737 1028; x_wconf 90' lang='lat' dir='ltr'>olim</span> <span class='ocrx_word' id='word_1_25' title='bbox 761 967 932 1028; x_wconf 84' lang='lat' dir='ltr'>maximam</span> <span class='ocrx_word' id='word_1_26' title='bbox 951 967 1023 1028; x_wconf 91' lang='lat' dir='ltr'>anni</span> <span class='ocrx_word' id='word_1_27' title='bbox 1038 975 1158 1048; x_wconf 86' lang='lat' dir='ltr'>partem</span> <span class='ocrx_word' id='word_1_28' title='bbox 1173 967 1206 1028; x_wconf 89' lang='lat' dir='ltr'>iu</span> <span class='ocrx_word' id='word_1_29' title='bbox 1226 965 1397 1043; x_wconf 82' lang='lat' dir='ltr'>Palatiolo,</span> <span class='ocrx_word' id='word_1_30' title='bbox 1419 967 1594 1048; x_wconf 75' lang='lat' dir='ltr'>vulgariter</span> <span class='ocrx_word' id='word_1_31' title='bbox 1612 965 1744 1044; x_wconf 84' lang='lat' dir='ltr'>Psalzel,</span> 
     </span>
     <span class='ocr_line' id='line_1_5' title="bbox 385 1045 1745 1130; baseline 0.001 -20"><span class='ocrx_word' id='word_1_32' title='bbox 385 1045 465 1110; x_wconf 85' lang='lat' dir='ltr'>infra</span> <span class='ocrx_word' id='word_1_33' title='bbox 479 1045 652 1118; x_wconf 85' lang='lat' dir='ltr'>Treviros,</span> <span class='ocrx_word' id='word_1_34' title='bbox 666 1061 720 1110; x_wconf 88' lang='lat' dir='ltr'>aut</span> <span class='ocrx_word' id='word_1_35' title='bbox 733 1045 908 1116; x_wconf 81' lang='lat' dir='ltr'>Wittliaci,</span> <span class='ocrx_word' id='word_1_36' title='bbox 923 1045 1051 1119; x_wconf 79' lang='lat' dir='ltr'>resedit,</span> <span class='ocrx_word' id='word_1_37' title='bbox 1065 1045 1163 1110; x_wconf 88' lang='lat' dir='ltr'>bodie</span> <span class='ocrx_word' id='word_1_38' title='bbox 1172 1046 1385 1114; x_wconf 72' lang='lat' dir='ltr'>confluentia</span> <span class='ocrx_word' id='word_1_39' title='bbox 1393 1069 1403 1124; x_wconf 79' lang='lat'>3</span> <span class='ocrx_word' id='word_1_40' title='bbox 1421 1048 1598 1130; x_wconf 70' lang='lat' dir='ltr'>Connienfir</span> <span class='ocrx_word' id='word_1_41' title='bbox 1610 1047 1745 1126; x_wconf 84' lang='lat' dir='ltr'>Bonnae,</span> 
     </span>
     <span class='ocr_line' id='line_1_6' title="bbox 387 1125 1747 1215; baseline 0.004 -25"><span class='ocrx_word' id='word_1_42' title='bbox 387 1125 539 1210; x_wconf 77' lang='lat' dir='ltr'>Sirenfis</span> <span class='ocrx_word' id='word_1_43' title='bbox 559 1127 734 1202; x_wconf 83' lang='lat' dir='ltr'>Burxaliae,</span> <span class='ocrx_word' id='word_1_44' title='bbox 756 1130 835 1192; x_wconf 89' lang='lat' dir='ltr'>olim</span> <span class='ocrx_word' id='word_1_45' title='bbox 850 1130 882 1191; x_wconf 91' lang='lat' dir='ltr'>in</span> <span class='ocrx_word' id='word_1_46' title='bbox 899 1125 1051 1194; x_wconf 74' lang='lat' dir='ltr'>Tabernis</span> <span class='ocrx_word' id='word_1_47' title='bbox 1077 1129 1254 1202; x_wconf 75' lang='lat' dir='ltr'>Rhenanis,</span> <span class='ocrx_word' id='word_1_48' title='bbox 1276 1129 1490 1208; x_wconf 53' lang='lat' dir='ltr'>mutuentur,</span> <span class='ocrx_word' id='word_1_49' title='bbox 1516 1130 1747 1215; x_wconf 63' lang='lat' dir='ltr'>constantiense</span> 
     </span>
     <span class='ocr_line' id='line_1_7' title="bbox 385 1147 1746 1354; baseline 0.006 -84"><span class='ocrx_word' id='word_1_50' title='bbox 385 1147 593 1290; x_wconf 71' lang='lat' dir='ltr'>bissnseburgi,</span> <span class='ocrx_word' id='word_1_51' title='bbox 617 1209 789 1354; x_wconf 59' lang='lat' dir='ltr'>Bufiieenps</span> <span class='ocrx_word' id='word_1_52' title='bbox 802 1210 989 1284; x_wconf 85' lang='lat' dir='ltr'>Brundrnti,</span> <span class='ocrx_word' id='word_1_53' title='bbox 1018 1209 1254 1297; x_wconf 78' lang='lat' dir='ltr'>Argmtinensts</span> <span class='ocrx_word' id='word_1_54' title='bbox 1281 1210 1360 1274; x_wconf 89' lang='lat' dir='ltr'>olim</span> <span class='ocrx_word' id='word_1_55' title='bbox 1381 1214 1416 1276; x_wconf 90' lang='lat' dir='ltr'>in</span> <span class='ocrx_word' id='word_1_56' title='bbox 1426 1211 1579 1278; x_wconf 78' lang='lat' dir='ltr'>Tabernis</span> <span class='ocrx_word' id='word_1_57' title='bbox 1595 1208 1746 1278; x_wconf 78' lang='lat' dir='ltr'>Alsatia&#39;e:</span> 
     </span>
     <span class='ocr_line' id='line_1_8' title="bbox 385 1289 1744 1376; baseline 0.005 -23"><span class='ocrx_word' id='word_1_58' title='bbox 385 1289 558 1371; x_wconf 80' lang='lat' dir='ltr'>interregni</span> <span class='ocrx_word' id='word_1_59' title='bbox 581 1293 706 1372; x_wconf 76' lang='lat' dir='ltr'>magni,</span> <span class='ocrx_word' id='word_1_60' title='bbox 726 1293 859 1376; x_wconf 87' lang='lat' dir='ltr'>aiisque</span> <span class='ocrx_word' id='word_1_61' title='bbox 879 1291 1027 1373; x_wconf 78' lang='lat' dir='ltr'>malignis</span> <span class='ocrx_word' id='word_1_62' title='bbox 1050 1294 1263 1375; x_wconf 86' lang='lat' dir='ltr'>temporibus,</span> <span class='ocrx_word' id='word_1_63' title='bbox 1281 1303 1376 1367; x_wconf 87' lang='lat' dir='ltr'>ante,</span> <span class='ocrx_word' id='word_1_64' title='bbox 1396 1291 1432 1355; x_wconf 79' lang='lat' dir='ltr'>dt</span> <span class='ocrx_word' id='word_1_65' title='bbox 1445 1294 1541 1369; x_wconf 84' lang='lat' dir='ltr'>citra,</span> <span class='ocrx_word' id='word_1_66' title='bbox 1561 1311 1633 1357; x_wconf 90' lang='lat' dir='ltr'>com</span> <span class='ocrx_word' id='word_1_67' title='bbox 1657 1295 1744 1360; x_wconf 78' lang='lat' dir='ltr'>iures</span> 
     </span>
     <span class='ocr_line' id='line_1_9' title="bbox 386 1314 1746 1450; baseline 0.006 -16"><span class='ocrx_word' id='word_1_68' title='bbox 386 1373 554 1445; x_wconf 84' lang='lat' dir='ltr'>civitates,</span> <span class='ocrx_word' id='word_1_69' title='bbox 598 1393 647 1434; x_wconf 80' lang='lat' dir='ltr'>usa</span> <span class='ocrx_word' id='word_1_70' title='bbox 668 1373 699 1436; x_wconf 88' lang='lat' dir='ltr'>se</span> <span class='ocrx_word' id='word_1_71' title='bbox 721 1373 862 1436; x_wconf 87' lang='lat' dir='ltr'>fecerant</span> <span class='ocrx_word' id='word_1_72' title='bbox 881 1375 1097 1446; x_wconf 85' lang='lat' dir='ltr'>immediatas,</span> <span class='ocrx_word' id='word_1_73' title='bbox 1118 1385 1174 1437; x_wconf 86' lang='lat' dir='ltr'>aut</span> <span class='ocrx_word' id='word_1_74' title='bbox 1192 1373 1254 1437; x_wconf 82' lang='lat' dir='ltr'>ed&#39;e</span> <span class='ocrx_word' id='word_1_75' title='bbox 1272 1375 1352 1437; x_wconf 86' lang='lat' dir='ltr'>tales</span> <span class='ocrx_word' id='word_1_76' title='bbox 1368 1375 1517 1450; x_wconf 86' lang='lat' dir='ltr'>volnere,</span> <span class='ocrx_word' id='word_1_77' title='bbox 1539 1376 1583 1438; x_wconf 89' lang='lat' dir='ltr'>ita</span> <span class='ocrx_word' id='word_1_78' title='bbox 1596 1314 1746 1442; x_wconf 79' lang='lat' dir='ltr'>insultare</span> 
     </span>
    </p>
   </div>
   <div class='ocr_carea' id='block_1_3' title="bbox 386 1393 1742 1600">
    <p class='ocr_par' dir='ltr' id='par_1_3' title="bbox 386 1393 1742 1600">
     <span class='ocr_line' id='line_1_10' title="bbox 386 1393 1742 1600; baseline 0.004 -85"><span class='ocrx_word' id='word_1_79' title='bbox 386 1463 536 1534; x_wconf 86' lang='lat' dir='ltr'>ceperunt</span> <span class='ocrx_word' id='word_1_80' title='bbox 569 1393 732 1600; x_wconf 54' lang='lat' dir='ltr'>{piscopia</span> <span class='ocrx_word' id='word_1_81' title='bbox 750 1455 832 1530; x_wconf 88' lang='lat' dir='ltr'>suis,</span> <span class='ocrx_word' id='word_1_82' title='bbox 852 1465 890 1518; x_wconf 90' lang='lat' dir='ltr'>ut</span> <span class='ocrx_word' id='word_1_83' title='bbox 908 1455 942 1518; x_wconf 90' lang='lat' dir='ltr'>hi</span> <span class='ocrx_word' id='word_1_84' title='bbox 963 1455 996 1518; x_wconf 88' lang='lat' dir='ltr'>in</span> <span class='ocrx_word' id='word_1_85' title='bbox 1022 1456 1134 1520; x_wconf 83' lang='lat' dir='ltr'>iisdem</span> <span class='ocrx_word' id='word_1_86' title='bbox 1162 1456 1320 1519; x_wconf 79' lang='lat' dir='ltr'>ordinarie</span> <span class='ocrx_word' id='word_1_87' title='bbox 1349 1455 1481 1520; x_wconf 73' lang='lat' dir='ltr'>residere</span> <span class='ocrx_word' id='word_1_88' title='bbox 1507 1475 1573 1519; x_wconf 88' lang='lat' dir='ltr'>nou</span> <span class='ocrx_word' id='word_1_89' title='bbox 1607 1456 1742 1540; x_wconf 77' lang='lat' dir='ltr'>possent.</span> 
     </span>
    </p>
   </div>
   <div class='ocr_carea' id='block_1_4' title="bbox 383 1533 1861 1869">
    <p class='ocr_par' dir='ltr' id='par_1_4' title="bbox 386 1533 1780 1620">
     <span class='ocr_line' id='line_1_11' title="bbox 386 1533 1780 1620; baseline 0.007 -26"><span class='ocrx_word' id='word_1_90' title='bbox 386 1533 486 1610; x_wconf 85' lang='lat' dir='ltr'>Quam</span> <span class='ocrx_word' id='word_1_91' title='bbox 500 1534 654 1599; x_wconf 88' lang='lat' dir='ltr'>horrenda</span> <span class='ocrx_word' id='word_1_92' title='bbox 698 1555 755 1601; x_wconf 82' lang='lat' dir='ltr'>nec.</span> <span class='ocrx_word' id='word_1_93' title='bbox 775 1535 833 1601; x_wconf 84' lang='lat' dir='ltr'>xl.</span> <span class='ocrx_word' id='word_1_94' title='bbox 855 1534 1038 1620; x_wconf 70' lang='lat' dir='ltr'>Calontenses</span> <span class='ocrx_word' id='word_1_95' title='bbox 1056 1538 1089 1601; x_wconf 92' lang='lat' dir='ltr'>in</span> <span class='ocrx_word' id='word_1_96' title='bbox 1109 1537 1254 1601; x_wconf 79' lang='lat' dir='ltr'>Eiettnm</span> <span class='ocrx_word' id='word_1_97' title='bbox 1270 1539 1431 1602; x_wconf 80' lang='lat' dir='ltr'>Annonem</span> <span class='ocrx_word' id='word_1_98' title='bbox 1454 1537 1493 1600; x_wconf 89' lang='lat'>11.</span> <span class='ocrx_word' id='word_1_99' title='bbox 1510 1540 1745 1616; x_wconf 84' lang='lat' dir='ltr'>commiserint,</span> <span class='ocrx_word' id='word_1_100' title='bbox 1777 1546 1780 1552; x_wconf 83' lang='lat'>&#39;</span> 
     </span>
    </p>

    <p class='ocr_par' dir='ltr' id='par_1_5' title="bbox 384 1615 1746 1703">
     <span class='ocr_line' id='line_1_12' title="bbox 384 1615 1746 1703; baseline 0.01 -27"><span class='ocrx_word' id='word_1_101' title='bbox 384 1635 429 1676; x_wconf 85' lang='lat' dir='ltr'>ex</span> <span class='ocrx_word' id='word_1_102' title='bbox 443 1615 604 1680; x_wconf 71' lang='lat' dir='ltr'>lamberto</span> <span class='ocrx_word' id='word_1_103' title='bbox 617 1615 925 1702; x_wconf 78' lang='lat' dir='ltr'>Schaffnaburgenfi,</span> <span class='ocrx_word' id='word_1_104' title='bbox 947 1617 982 1680; x_wconf 72' lang='grc' dir='ltr'>δι</span> <span class='ocrx_word' id='word_1_105' title='bbox 994 1619 1063 1682; x_wconf 84' lang='lat' dir='ltr'>aliia</span> <span class='ocrx_word' id='word_1_106' title='bbox 1075 1619 1140 1682; x_wconf 89' lang='lat' dir='ltr'>iate</span> <span class='ocrx_word' id='word_1_107' title='bbox 1151 1617 1298 1682; x_wconf 81' lang='lat' dir='ltr'>describit</span> <span class='ocrx_word' id='word_1_108' title='bbox 1304 1620 1472 1703; x_wconf 78' lang='lat' dir='ltr'>‘Apologia</span> <span class='ocrx_word' id='word_1_109' title='bbox 1490 1621 1540 1686; x_wconf 76' lang='lat' dir='ltr'>bes</span> <span class='ocrx_word' id='word_1_110' title='bbox 1553 1619 1746 1699; x_wconf 60' lang='lat' dir='ltr'>Qtssrsstiiss</span> 
     </span>
    </p>

    <p class='ocr_par' dir='ltr' id='par_1_6' title="bbox 383 1687 1861 1869">
     <span class='ocr_line' id='line_1_13' title="bbox 383 1687 1861 1787; baseline 0.003 -22"><span class='ocrx_word' id='word_1_111' title='bbox 383 1687 466 1765; x_wconf 68' lang='lat' dir='ltr'>siin</span> <span class='ocrx_word' id='word_1_112' title='bbox 488 1717 565 1782; x_wconf 79' lang='lat' dir='ltr'>pag.</span> <span class='ocrx_word' id='word_1_113' title='bbox 593 1717 644 1764; x_wconf 80' lang='lat'>22.</span> <span class='ocrx_word' id='word_1_114' title='bbox 668 1697 708 1766; x_wconf 67' lang='grc' dir='ltr'><strong>Θ</strong></span> <span class='ocrx_word' id='word_1_115' title='bbox 732 1705 808 1787; x_wconf 81' lang='lat' dir='ltr'>leqq.</span> <span class='ocrx_word' id='word_1_116' title='bbox 860 1700 975 1778; x_wconf 88' lang='lat' dir='ltr'>Qualia</span> <span class='ocrx_word' id='word_1_117' title='bbox 1001 1709 1147 1772; x_wconf 84' lang='lat' dir='ltr'>currente</span> <span class='ocrx_word' id='word_1_118' title='bbox 1165 1700 1292 1766; x_wconf 84' lang='lat' dir='ltr'>Saeculo</span> <span class='ocrx_word' id='word_1_119' title='bbox 1317 1700 1475 1785; x_wconf 79' lang='lat' dir='ltr'>Spirensrs</span> <span class='ocrx_word' id='word_1_120' title='bbox 1498 1699 1748 1784; x_wconf 80' lang='lat' dir='ltr'>praesumpserint</span> <span class='ocrx_word' id='word_1_121' title='bbox 1856 1753 1861 1758; x_wconf 91' lang='lat'>-</span> 
     </span>
     <span class='ocr_line' id='line_1_14' title="bbox 383 1778 1683 1869; baseline 0.008 -27"><span class='ocrx_word' id='word_1_122' title='bbox 383 1787 494 1843; x_wconf 86' lang='lat' dir='ltr'>eontra</span> <span class='ocrx_word' id='word_1_123' title='bbox 505 1778 698 1867; x_wconf 83' lang='lat' dir='ltr'>Episcopum</span> <span class='ocrx_word' id='word_1_124' title='bbox 709 1781 876 1850; x_wconf 81' lang='lat' dir='ltr'>Henriannr</span> <span class='ocrx_word' id='word_1_125' title='bbox 888 1781 1083 1848; x_wconf 79' lang='lat' dir='ltr'>Hortardnm</span> <span class='ocrx_word' id='word_1_126' title='bbox 1096 1801 1117 1848; x_wconf 81' lang='lat' dir='ltr'>a</span> <span class='ocrx_word' id='word_1_127' title='bbox 1130 1781 1312 1868; x_wconf 78' lang='lat' dir='ltr'>Rollingm,</span> <span class='ocrx_word' id='word_1_128' title='bbox 1326 1781 1396 1850; x_wconf 73' lang='lat' dir='ltr'>aua</span> <span class='ocrx_word' id='word_1_129' title='bbox 1413 1782 1540 1869; x_wconf 74' lang='lat' dir='ltr'>publiea</span> <span class='ocrx_word' id='word_1_130' title='bbox 1552 1782 1683 1852; x_wconf 84' lang='lat' dir='ltr'>docent.</span> 
     </span>
    </p>
   </div>
   <div class='ocr_carea' id='block_1_5' title="bbox 726 1915 1497 2233">
    <p class='ocr_par' dir='ltr' id='par_1_7' title="bbox 726 1915 1497 2233">
     <span class='ocr_line' id='line_1_15' title="bbox 726 1915 1497 2076; baseline -0.001 -28"><span class='ocrx_word' id='word_1_131' title='bbox 726 1973 851 2076; x_wconf 65' lang='lat' dir='ltr'>uu</span> <span class='ocrx_word' id='word_1_132' title='bbox 905 1975 951 2048; x_wconf 68' lang='lat' dir='ltr'>aa</span> <span class='ocrx_word' id='word_1_133' title='bbox 1006 1973 1121 2046; x_wconf 75' lang='lat' dir='ltr'>su</span> <span class='ocrx_word' id='word_1_134' title='bbox 1174 1974 1194 2044; x_wconf 93' lang='lat'>1</span> <span class='ocrx_word' id='word_1_135' title='bbox 1247 1975 1296 2048; x_wconf 88' lang='lat'>0.</span> <span class='ocrx_word' id='word_1_136' title='bbox 1435 1915 1497 1937; x_wconf 67' lang='grc'>”</span> 
     </span>
     <span class='ocr_line' id='line_1_16' title="bbox 809 2117 1215 2233; baseline -0.005 -15"><span class='ocrx_word' id='word_1_137' title='bbox 809 2141 883 2218; x_wconf 87' lang='lat' dir='ltr'>Ad</span> <span class='ocrx_word' id='word_1_138' title='bbox 902 2117 1104 2224; x_wconf 57' lang='lat' dir='ltr'>annisu.</span> <span class='ocrx_word' id='word_1_139' title='bbox 1129 2142 1162 2233; x_wconf 74' lang='lat' dir='ltr'>i.</span> <span class='ocrx_word' id='word_1_140' title='bbox 1184 2137 1215 2216; x_wconf 85' lang='lat'>1.</span> 
     </span>
    </p>
   </div>
   <div class='ocr_carea' id='block_1_6' title="bbox 284 2301 1750 2510">
    <p class='ocr_par' dir='ltr' id='par_1_8' title="bbox 284 2301 1750 2510">
     <span class='ocr_line' id='line_1_17' title="bbox 287 2301 1750 2413; baseline 0.007 -33"><span class='ocrx_word' id='word_1_141' title='bbox 287 2301 292 2402; x_wconf 36' lang='grc' dir='ltr'>ζ</span> <span class='ocrx_word' id='word_1_142' title='bbox 328 2311 376 2381; x_wconf 77' lang='lat' dir='ltr'>An</span> <span class='ocrx_word' id='word_1_143' title='bbox 389 2309 558 2386; x_wconf 86' lang='lat' dir='ltr'>indultum</span> <span class='ocrx_word' id='word_1_144' title='bbox 577 2309 753 2404; x_wconf 71' lang='lat' dir='ltr'>transeundi</span> <span class='ocrx_word' id='word_1_145' title='bbox 767 2333 786 2382; x_wconf 86' lang='lat' dir='ltr'>a</span> <span class='ocrx_word' id='word_1_146' title='bbox 799 2310 931 2384; x_wconf 87' lang='lat' dir='ltr'>minore</span> <span class='ocrx_word' id='word_1_147' title='bbox 944 2309 1078 2386; x_wconf 85' lang='lat' dir='ltr'>ecclesia</span> <span class='ocrx_word' id='word_1_148' title='bbox 1092 2313 1134 2385; x_wconf 86' lang='lat' dir='ltr'>ad</span> <span class='ocrx_word' id='word_1_149' title='bbox 1148 2310 1312 2408; x_wconf 81' lang='lat' dir='ltr'>majorem</span> <span class='ocrx_word' id='word_1_150' title='bbox 1329 2330 1492 2413; x_wconf 74' lang='lat' dir='ltr'>operetur</span> <span class='ocrx_word' id='word_1_151' title='bbox 1510 2312 1635 2388; x_wconf 76' lang='lat' dir='ltr'>uberum</span> <span class='ocrx_word' id='word_1_152' title='bbox 1656 2323 1750 2401; x_wconf 68' lang='lat' dir='ltr'>tras-f</span> 
     </span>
     <span class='ocr_line' id='line_1_18' title="bbox 284 2401 1676 2510; baseline 0.01 -36"><span class='ocrx_word' id='word_1_153' title='bbox 284 2401 380 2492; x_wconf 77' lang='lat' dir='ltr'>fitam,</span> <span class='ocrx_word' id='word_1_154' title='bbox 405 2415 486 2508; x_wconf 90' lang='lat' dir='ltr'>quin</span> <span class='ocrx_word' id='word_1_155' title='bbox 502 2435 589 2510; x_wconf 82' lang='lat' dir='ltr'>opus</span> <span class='ocrx_word' id='word_1_156' title='bbox 604 2410 641 2485; x_wconf 88' lang='lat' dir='ltr'>sn</span> <span class='ocrx_word' id='word_1_157' title='bbox 655 2413 877 2495; x_wconf 79' lang='lat' dir='ltr'>transtatione,</span> <span class='ocrx_word' id='word_1_158' title='bbox 900 2431 977 2482; x_wconf 87' lang='lat' dir='ltr'>cum</span> <span class='ocrx_word' id='word_1_159' title='bbox 993 2409 1083 2482; x_wconf 85' lang='lat' dir='ltr'>casus</span> <span class='ocrx_word' id='word_1_160' title='bbox 1100 2411 1221 2485; x_wconf 84' lang='lat' dir='ltr'>indulti</span> <span class='ocrx_word' id='word_1_161' title='bbox 1234 2411 1359 2497; x_wconf 85' lang='lat' dir='ltr'>aderit,</span> <span class='ocrx_word' id='word_1_162' title='bbox 1382 2435 1505 2510; x_wconf 80' lang='lat' dir='ltr'>nempe</span> <span class='ocrx_word' id='word_1_163' title='bbox 1518 2415 1676 2488; x_wconf 72' lang='lat' dir='ltr'>votano?</span> 
     </span>
    </p>
   </div>
   <div class='ocr_carea' id='block_1_7' title="bbox 319 2551 1862 3138">
    <p class='ocr_par' dir='ltr' id='par_1_9' title="bbox 319 2551 1862 3138">
     <span class='ocr_line' id='line_1_19' title="bbox 319 2551 1848 2638; baseline 0.001 -20"><span class='ocrx_word' id='word_1_164' title='bbox 319 2553 357 2627; x_wconf 73' lang='lat' dir='ltr'>ti.</span> <span class='ocrx_word' id='word_1_165' title='bbox 377 2551 501 2620; x_wconf 75' lang='lat' dir='ltr'>Omissis</span> <span class='ocrx_word' id='word_1_166' title='bbox 528 2555 854 2638; x_wconf 59' lang='lat' dir='ltr'>opinionumque</span> <span class='ocrx_word' id='word_1_167' title='bbox 879 2551 991 2618; x_wconf 82' lang='lat' dir='ltr'>videas</span> <span class='ocrx_word' id='word_1_168' title='bbox 1017 2555 1100 2637; x_wconf 90' lang='lat' dir='ltr'>apud</span> <span class='ocrx_word' id='word_1_169' title='bbox 1126 2553 1343 2638; x_wconf 75' lang='lat' dir='ltr'>Hossiensem,</span> <span class='ocrx_word' id='word_1_170' title='bbox 1378 2554 1593 2632; x_wconf 78' lang='lat' dir='ltr'>Zobaretiam,</span> <span class='ocrx_word' id='word_1_171' title='bbox 1625 2554 1749 2620; x_wconf 67' lang='lat' dir='ltr'>Panna*</span> <span class='ocrx_word' id='word_1_172' title='bbox 1844 2617 1848 2625; x_wconf 89' lang='grc'>,</span> 
     </span>
     <span class='ocr_line' id='line_1_20' title="bbox 386 2631 1862 2720; baseline 0.003 -24"><span class='ocrx_word' id='word_1_173' title='bbox 386 2640 556 2709; x_wconf 73' lang='lat' dir='ltr'>tritanum,</span> <span class='ocrx_word' id='word_1_174' title='bbox 570 2637 728 2720; x_wconf 85' lang='lat' dir='ltr'>ipsamque</span> <span class='ocrx_word' id='word_1_175' title='bbox 742 2631 874 2718; x_wconf 76' lang='lat' dir='ltr'>Gioffim</span> <span class='ocrx_word' id='word_1_176' title='bbox 890 2639 924 2700; x_wconf 89' lang='lat' dir='ltr'>in</span> <span class='ocrx_word' id='word_1_177' title='bbox 938 2655 1003 2719; x_wconf 82' lang='lat' dir='ltr'>cap.</span> <span class='ocrx_word' id='word_1_178' title='bbox 1019 2654 1050 2716; x_wconf 87' lang='lat'>4.</span> <span class='ocrx_word' id='word_1_179' title='bbox 1069 2635 1099 2698; x_wconf 85' lang='lat' dir='ltr'>ir.</span> <span class='ocrx_word' id='word_1_180' title='bbox 1122 2643 1145 2698; x_wconf 84' lang='lat' dir='ltr'>t.</span> <span class='ocrx_word' id='word_1_181' title='bbox 1162 2637 1202 2696; x_wconf 88' lang='lat' dir='ltr'>ad</span> <span class='ocrx_word' id='word_1_182' title='bbox 1224 2639 1340 2700; x_wconf 79' lang='lat' dir='ltr'>verba:</span> <span class='ocrx_word' id='word_1_183' title='bbox 1357 2638 1516 2708; x_wconf 79' lang='lat' dir='ltr'>videatur,</span> <span class='ocrx_word' id='word_1_184' title='bbox 1530 2636 1569 2700; x_wconf 61' lang='grc' dir='ltr'>δ’</span> <span class='ocrx_word' id='word_1_185' title='bbox 1585 2636 1748 2720; x_wconf 74' lang='lat' dir='ltr'>posticiario</span> <span class='ocrx_word' id='word_1_186' title='bbox 1858 2658 1862 2666; x_wconf 91' lang='lat'>·</span> 
     </span>
     <span class='ocr_line' id='line_1_21' title="bbox 385 2715 1750 2801; baseline 0.002 -22"><span class='ocrx_word' id='word_1_187' title='bbox 385 2717 596 2794; x_wconf 82' lang='lat' dir='ltr'>titubantem,</span> <span class='ocrx_word' id='word_1_188' title='bbox 615 2719 680 2783; x_wconf 84' lang='lat' dir='ltr'>tale</span> <span class='ocrx_word' id='word_1_189' title='bbox 697 2717 855 2783; x_wconf 87' lang='lat' dir='ltr'>indultum</span> <span class='ocrx_word' id='word_1_190' title='bbox 874 2727 1023 2801; x_wconf 88' lang='lat' dir='ltr'>operatur</span> <span class='ocrx_word' id='word_1_191' title='bbox 1036 2718 1169 2781; x_wconf 88' lang='lat' dir='ltr'>liberum</span> <span class='ocrx_word' id='word_1_192' title='bbox 1187 2717 1369 2790; x_wconf 76' lang='lat' dir='ltr'>transitum,</span> <span class='ocrx_word' id='word_1_193' title='bbox 1390 2715 1545 2800; x_wconf 84' lang='lat' dir='ltr'>suppofita</span> <span class='ocrx_word' id='word_1_194' title='bbox 1560 2718 1750 2783; x_wconf 71' lang='lat' dir='ltr'>vocationis</span> 
     </span>
     <span class='ocr_line' id='line_1_22' title="bbox 384 2798 1751 2883; baseline 0.001 -21"><span class='ocrx_word' id='word_1_195' title='bbox 384 2800 643 2873; x_wconf 81' lang='lat' dir='ltr'>examinatione,</span> <span class='ocrx_word' id='word_1_196' title='bbox 666 2799 701 2864; x_wconf 77' lang='lat' dir='ltr'>dr</span> <span class='ocrx_word' id='word_1_197' title='bbox 714 2802 959 2883; x_wconf 87' lang='lat' dir='ltr'>approbatione,</span> <span class='ocrx_word' id='word_1_198' title='bbox 981 2798 1062 2864; x_wconf 76' lang='lat' dir='ltr'>fan·</span> <span class='ocrx_word' id='word_1_199' title='bbox 1084 2816 1140 2881; x_wconf 88' lang='lat' dir='ltr'>per</span> <span class='ocrx_word' id='word_1_200' title='bbox 1160 2818 1251 2870; x_wconf 91' lang='lat' dir='ltr'>eum,</span> <span class='ocrx_word' id='word_1_201' title='bbox 1272 2800 1312 2863; x_wconf 87' lang='lat' dir='ltr'>ad</span> <span class='ocrx_word' id='word_1_202' title='bbox 1351 2818 1425 2862; x_wconf 88' lang='lat' dir='ltr'>uem</span> <span class='ocrx_word' id='word_1_203' title='bbox 1444 2800 1598 2881; x_wconf 59' lang='lat' dir='ltr'>pertinen</span> <span class='ocrx_word' id='word_1_204' title='bbox 1618 2816 1751 2863; x_wconf 77' lang='lat' dir='ltr'>never-</span> 
     </span>
     <span class='ocr_line' id='line_1_23' title="bbox 384 2818 1752 2967; baseline 0.001 -24"><span class='ocrx_word' id='word_1_205' title='bbox 384 2880 457 2945; x_wconf 90' lang='lat' dir='ltr'>bnm</span> <span class='ocrx_word' id='word_1_206' title='bbox 481 2881 613 2967; x_wconf 78' lang='lat' dir='ltr'>trunfire</span> <span class='ocrx_word' id='word_1_207' title='bbox 624 2880 662 2947; x_wconf 86' lang='lat' dir='ltr'>fit</span> <span class='ocrx_word' id='word_1_208' title='bbox 681 2884 800 2965; x_wconf 82' lang='lat' dir='ltr'>absque</span> <span class='ocrx_word' id='word_1_209' title='bbox 820 2882 954 2953; x_wconf 82' lang='lat' dir='ltr'>effettu,</span> <span class='ocrx_word' id='word_1_210' title='bbox 973 2881 1137 2966; x_wconf 86' lang='lat' dir='ltr'>ipsumque</span> <span class='ocrx_word' id='word_1_211' title='bbox 1154 2881 1313 2945; x_wconf 89' lang='lat' dir='ltr'>indultum</span> <span class='ocrx_word' id='word_1_212' title='bbox 1330 2818 1394 2945; x_wconf 50' lang='lat' dir='ltr'>dat</span> <span class='ocrx_word' id='word_1_213' title='bbox 1412 2882 1606 2965; x_wconf 78' lang='lat' dir='ltr'>captiosum,</span> <span class='ocrx_word' id='word_1_214' title='bbox 1627 2879 1661 2943; x_wconf 74' lang='lat' dir='ltr'>dc</span> <span class='ocrx_word' id='word_1_215' title='bbox 1674 2883 1752 2945; x_wconf 84' lang='lat' dir='ltr'>inn-</span> 
     </span>
     <span class='ocr_line' id='line_1_24' title="bbox 384 2960 1752 3047; baseline 0.005 -22"><span class='ocrx_word' id='word_1_216' title='bbox 384 2962 461 3025; x_wconf 84' lang='lat' dir='ltr'>tile:</span> <span class='ocrx_word' id='word_1_217' title='bbox 484 2963 543 3025; x_wconf 86' lang='lat' dir='ltr'>tali</span> <span class='ocrx_word' id='word_1_218' title='bbox 565 2964 664 3045; x_wconf 83' lang='lat' dir='ltr'>igitur</span> <span class='ocrx_word' id='word_1_219' title='bbox 674 2964 847 3028; x_wconf 89' lang='lat' dir='ltr'>indultario</span> <span class='ocrx_word' id='word_1_220' title='bbox 865 2964 948 3047; x_wconf 85' lang='lat' dir='ltr'>Papu</span> <span class='ocrx_word' id='word_1_221' title='bbox 960 2964 1137 3029; x_wconf 86' lang='lat' dir='ltr'>censeretur</span> <span class='ocrx_word' id='word_1_222' title='bbox 1154 2960 1269 3027; x_wconf 86' lang='lat' dir='ltr'>dedid&#39;e</span> <span class='ocrx_word' id='word_1_223' title='bbox 1288 2962 1426 3040; x_wconf 81' lang='lat' dir='ltr'>clavim,</span> <span class='ocrx_word' id='word_1_224' title='bbox 1446 2962 1661 3029; x_wconf 78' lang='lat' dir='ltr'>utclaustrum</span> <span class='ocrx_word' id='word_1_225' title='bbox 1676 2964 1752 3032; x_wconf 60' lang='lat' dir='ltr'>viu-</span> 
     </span>
     <span class='ocr_line' id='line_1_25' title="bbox 385 3042 1319 3138; baseline 0.001 -32"><span class='ocrx_word' id='word_1_226' title='bbox 385 3045 448 3108; x_wconf 88' lang='lat' dir='ltr'>cuii</span> <span class='ocrx_word' id='word_1_227' title='bbox 466 3042 601 3138; x_wconf 78' lang='lat' dir='ltr'>ipsemet</span> <span class='ocrx_word' id='word_1_228' title='bbox 625 3048 761 3129; x_wconf 87' lang='lat' dir='ltr'>aperire,</span> <span class='ocrx_word' id='word_1_229' title='bbox 781 3056 877 3129; x_wconf 87' lang='lat' dir='ltr'>atque</span> <span class='ocrx_word' id='word_1_230' title='bbox 901 3047 986 3111; x_wconf 88' lang='lat' dir='ltr'>abire</span> <span class='ocrx_word' id='word_1_231' title='bbox 1007 3042 1112 3131; x_wconf 79' lang='lat' dir='ltr'>possit.</span> <span class='ocrx_word' id='word_1_232' title='bbox 1310 3064 1319 3077; x_wconf 73' lang='lat'><em>⁶</em></span> 
     </span>
    </p>
   </div>
   <div class='ocr_carea' id='block_1_8' title="bbox 217 3156 1951 5069">
    <p class='ocr_par' dir='ltr' id='par_1_10' title="bbox 320 3156 1951 3491">
     <span class='ocr_line' id='line_1_26' title="bbox 320 3156 1774 3249; baseline 0.001 -22"><span class='ocrx_word' id='word_1_233' title='bbox 320 3156 377 3227; x_wconf 80' lang='lat' dir='ltr'>Nat</span> <span class='ocrx_word' id='word_1_234' title='bbox 393 3160 477 3223; x_wconf 79' lang='lat' dir='ltr'>dicus</span> <span class='ocrx_word' id='word_1_235' title='bbox 500 3180 528 3223; x_wconf 89' lang='lat'>1.</span> <span class='ocrx_word' id='word_1_236' title='bbox 545 3160 643 3225; x_wconf 83' lang='lat' dir='ltr'>Hunc</span> <span class='ocrx_word' id='word_1_237' title='bbox 653 3164 857 3228; x_wconf 85' lang='lat' dir='ltr'>indultarium</span> <span class='ocrx_word' id='word_1_238' title='bbox 868 3162 1058 3249; x_wconf 86' lang='lat' dir='ltr'>Episcopum</span> <span class='ocrx_word' id='word_1_239' title='bbox 1074 3160 1189 3226; x_wconf 89' lang='lat' dir='ltr'>debere</span> <span class='ocrx_word' id='word_1_240' title='bbox 1199 3169 1305 3224; x_wconf 87' lang='lat' dir='ltr'>tamen</span> <span class='ocrx_word' id='word_1_241' title='bbox 1320 3161 1470 3243; x_wconf 77' lang='lat' dir='ltr'>postulari</span> <span class='ocrx_word' id='word_1_242' title='bbox 1478 3180 1488 3225; x_wconf 74' lang='grc' dir='ltr'><strong>ε</strong></span> <span class='ocrx_word' id='word_1_243' title='bbox 1506 3180 1586 3245; x_wconf 81' lang='lat' dir='ltr'>ergo</span> <span class='ocrx_word' id='word_1_244' title='bbox 1599 3161 1634 3225; x_wconf 83' lang='lat' dir='ltr'>dt</span> <span class='ocrx_word' id='word_1_245' title='bbox 1646 3170 1774 3241; x_wconf 59' lang='lat' dir='ltr'>nasus,</span> 
     </span>
     <span class='ocr_line' id='line_1_27' title="bbox 378 3240 1951 3341; baseline 0.003 -36"><span class='ocrx_word' id='word_1_246' title='bbox 378 3240 487 3326; x_wconf 55' lang='lat' dir='ltr'>serra}</span> <span class='ocrx_word' id='word_1_247' title='bbox 511 3263 583 3306; x_wconf 86' lang='lat' dir='ltr'>nam</span> <span class='ocrx_word' id='word_1_248' title='bbox 604 3240 727 3329; x_wconf 76' lang='lat' dir='ltr'>cmurffo</span> <span class='ocrx_word' id='word_1_249' title='bbox 749 3246 871 3329; x_wconf 90' lang='lat' dir='ltr'>primo,</span> <span class='ocrx_word' id='word_1_250' title='bbox 893 3264 971 3329; x_wconf 81' lang='lat' dir='ltr'>nego</span> <span class='ocrx_word' id='word_1_251' title='bbox 990 3244 1180 3328; x_wconf 70' lang='lat' dir='ltr'>secunduma</span> <span class='ocrx_word' id='word_1_252' title='bbox 1197 3243 1350 3341; x_wconf 68' lang='lat' dir='ltr'>pusiniam</span> <span class='ocrx_word' id='word_1_253' title='bbox 1365 3244 1478 3317; x_wconf 81' lang='lat' dir='ltr'>debet3</span> <span class='ocrx_word' id='word_1_254' title='bbox 1498 3249 1571 3325; x_wconf 88' lang='lat' dir='ltr'>quia</span> <span class='ocrx_word' id='word_1_255' title='bbox 1591 3243 1754 3309; x_wconf 82' lang='lat' dir='ltr'>adhucese</span> <span class='ocrx_word' id='word_1_256' title='bbox 1885 3278 1889 3287; x_wconf 58' lang='lat'><em>1</em></span> <span class='ocrx_word' id='word_1_257' title='bbox 1948 3281 1951 3290; x_wconf 80' lang='lat'>,</span> 
     </span>
     <span class='ocr_line' id='line_1_28' title="bbox 385 3324 1754 3409; baseline 0.003 -24"><span class='ocrx_word' id='word_1_258' title='bbox 385 3324 459 3389; x_wconf 74' lang='lat' dir='ltr'>astu</span> <span class='ocrx_word' id='word_1_259' title='bbox 485 3324 657 3406; x_wconf 81' lang='lat' dir='ltr'>alligatus:</span> <span class='ocrx_word' id='word_1_260' title='bbox 677 3326 846 3409; x_wconf 82' lang='lat' dir='ltr'>transferri</span> <span class='ocrx_word' id='word_1_261' title='bbox 864 3346 931 3389; x_wconf 91' lang='lat' dir='ltr'>non</span> <span class='ocrx_word' id='word_1_262' title='bbox 952 3327 1066 3402; x_wconf 85' lang='lat' dir='ltr'>debet;</span> <span class='ocrx_word' id='word_1_263' title='bbox 1093 3326 1165 3408; x_wconf 90' lang='lat' dir='ltr'>quia</span> <span class='ocrx_word' id='word_1_264' title='bbox 1183 3325 1260 3388; x_wconf 83' lang='lat' dir='ltr'>licet</span> <span class='ocrx_word' id='word_1_265' title='bbox 1279 3326 1310 3391; x_wconf 87' lang='lat' dir='ltr'>ei</span> <span class='ocrx_word' id='word_1_266' title='bbox 1335 3326 1483 3409; x_wconf 68' lang='lat' dir='ltr'>transtrea</span> <span class='ocrx_word' id='word_1_267' title='bbox 1504 3324 1540 3388; x_wconf 79' lang='lat' dir='ltr'>dr</span> <span class='ocrx_word' id='word_1_268' title='bbox 1560 3324 1689 3388; x_wconf 86' lang='lat' dir='ltr'>finova</span> <span class='ocrx_word' id='word_1_269' title='bbox 1709 3326 1754 3390; x_wconf 78' lang='lat' dir='ltr'>li·</span> 
     </span>
     <span class='ocr_line' id='line_1_29' title="bbox 385 3406 1755 3491; baseline 0.002 -22"><span class='ocrx_word' id='word_1_270' title='bbox 385 3408 493 3470; x_wconf 85' lang='lat' dir='ltr'>centia</span> <span class='ocrx_word' id='word_1_271' title='bbox 527 3406 619 3490; x_wconf 81' lang='lat' dir='ltr'>Papae</span> <span class='ocrx_word' id='word_1_272' title='bbox 655 3408 885 3489; x_wconf 87' lang='lat' dir='ltr'>requireretur,</span> <span class='ocrx_word' id='word_1_273' title='bbox 911 3408 951 3473; x_wconf 87' lang='lat' dir='ltr'>ad</span> <span class='ocrx_word' id='word_1_274' title='bbox 975 3408 1052 3491; x_wconf 80' lang='lat' dir='ltr'>quid</span> <span class='ocrx_word' id='word_1_275' title='bbox 1076 3406 1229 3471; x_wconf 79' lang='lat' dir='ltr'>serviiffet</span> <span class='ocrx_word' id='word_1_276' title='bbox 1255 3406 1382 3488; x_wconf 70' lang='lat' dir='ltr'>prima?</span> <span class='ocrx_word' id='word_1_277' title='bbox 1413 3407 1492 3479; x_wconf 79' lang='lat' dir='ltr'>Ais,</span> <span class='ocrx_word' id='word_1_278' title='bbox 1514 3406 1755 3491; x_wconf 83' lang='lat' dir='ltr'>adfimpiiciter</span> 
     </span>
    </p>

    <p class='ocr_par' dir='ltr' id='par_1_11' title="bbox 217 3482 1894 3901">
     <span class='ocr_line' id='line_1_30' title="bbox 217 3482 1753 3574; baseline 0 -23"><span class='ocrx_word' id='word_1_279' title='bbox 217 3482 219 3495; x_wconf 86' lang='lat'>&#39;</span> <span class='ocrx_word' id='word_1_280' title='bbox 385 3488 645 3551; x_wconf 87' lang='lat' dir='ltr'>consentiendum</span> <span class='ocrx_word' id='word_1_281' title='bbox 660 3488 883 3571; x_wconf 84' lang='lat' dir='ltr'>postulationi:</span> <span class='ocrx_word' id='word_1_282' title='bbox 903 3490 1044 3573; x_wconf 81' lang='lat' dir='ltr'>Replico,</span> <span class='ocrx_word' id='word_1_283' title='bbox 1062 3506 1118 3572; x_wconf 89' lang='lat' dir='ltr'>per</span> <span class='ocrx_word' id='word_1_284' title='bbox 1134 3488 1200 3551; x_wconf 90' lang='lat' dir='ltr'>boc</span> <span class='ocrx_word' id='word_1_285' title='bbox 1211 3507 1279 3553; x_wconf 91' lang='lat' dir='ltr'>nou</span> <span class='ocrx_word' id='word_1_286' title='bbox 1294 3486 1454 3551; x_wconf 84' lang='lat' dir='ltr'>exhauriri</span> <span class='ocrx_word' id='word_1_287' title='bbox 1465 3492 1596 3551; x_wconf 89' lang='lat' dir='ltr'>verbum</span> <span class='ocrx_word' id='word_1_288' title='bbox 1609 3490 1753 3574; x_wconf 72' lang='lat' dir='ltr'>transtra,</span> 
     </span>
     <span class='ocr_line' id='line_1_31' title="bbox 385 3558 1849 3653; baseline 0.002 -22"><span class='ocrx_word' id='word_1_289' title='bbox 385 3572 474 3651; x_wconf 88' lang='lat' dir='ltr'>qnod</span> <span class='ocrx_word' id='word_1_290' title='bbox 501 3568 656 3651; x_wconf 79' lang='lat' dir='ltr'>fignificat</span> <span class='ocrx_word' id='word_1_291' title='bbox 678 3572 767 3653; x_wconf 79' lang='lat' dir='ltr'>pedes</span> <span class='ocrx_word' id='word_1_292' title='bbox 787 3575 829 3635; x_wconf 89' lang='lat' dir='ltr'>de</span> <span class='ocrx_word' id='word_1_293' title='bbox 848 3572 926 3636; x_wconf 90' lang='lat' dir='ltr'>loco</span> <span class='ocrx_word' id='word_1_294' title='bbox 945 3573 984 3635; x_wconf 95' lang='lat' dir='ltr'>ad</span> <span class='ocrx_word' id='word_1_295' title='bbox 1005 3572 1112 3635; x_wconf 91' lang='lat' dir='ltr'>locum</span> <span class='ocrx_word' id='word_1_296' title='bbox 1139 3588 1290 3642; x_wconf 83' lang='lat' dir='ltr'>movere,</span> <span class='ocrx_word' id='word_1_297' title='bbox 1309 3588 1375 3631; x_wconf 91' lang='lat' dir='ltr'>non</span> <span class='ocrx_word' id='word_1_298' title='bbox 1396 3567 1497 3651; x_wconf 83' lang='lat' dir='ltr'>sotum</span> <span class='ocrx_word' id='word_1_299' title='bbox 1514 3566 1671 3652; x_wconf 59' lang='lat' dir='ltr'>offanum,</span> <span class='ocrx_word' id='word_1_300' title='bbox 1693 3587 1754 3653; x_wconf 89' lang='lat' dir='ltr'>per</span> <span class='ocrx_word' id='word_1_301' title='bbox 1834 3558 1849 3586; x_wconf 78' lang='lat'><strong><em>‘</em></strong></span> 
     </span>
     <span class='ocr_line' id='line_1_32' title="bbox 385 3650 1894 3751; baseline 0.002 -38"><span class='ocrx_word' id='word_1_302' title='bbox 385 3668 481 3733; x_wconf 82' lang='lat' dir='ltr'>quem</span> <span class='ocrx_word' id='word_1_303' title='bbox 507 3653 610 3715; x_wconf 87' lang='lat' dir='ltr'>anima</span> <span class='ocrx_word' id='word_1_304' title='bbox 633 3662 794 3718; x_wconf 85' lang='lat' dir='ltr'>movetur.</span> <span class='ocrx_word' id='word_1_305' title='bbox 815 3654 956 3751; x_wconf 42' lang='lat' dir='ltr'>Potin)</span> <span class='ocrx_word' id='word_1_306' title='bbox 971 3672 1037 3735; x_wconf 90' lang='lat' dir='ltr'>quo</span> <span class='ocrx_word' id='word_1_307' title='bbox 1051 3654 1150 3733; x_wconf 87' lang='lat' dir='ltr'>igitur</span> <span class='ocrx_word' id='word_1_308' title='bbox 1168 3653 1352 3751; x_wconf 74' lang='lat' dir='ltr'>admittetur</span> <span class='ocrx_word' id='word_1_309' title='bbox 1372 3650 1437 3713; x_wconf 90' lang='lat' dir='ltr'>boc</span> <span class='ocrx_word' id='word_1_310' title='bbox 1456 3650 1752 3750; x_wconf 33' lang='lat' dir='ltr'>casu-postulatio?</span> <span class='ocrx_word' id='word_1_311' title='bbox 1890 3693 1894 3700; x_wconf 86' lang='lat'><strong>·</strong></span> 
     </span>
     <span class='ocr_line' id='line_1_33' title="bbox 385 3728 1806 3901; baseline 0.002 -27"><span class='ocrx_word' id='word_1_312' title='bbox 385 3728 1564 3901; x_wconf 48' lang='lat' dir='ltr'>n,itininstitnit-tntis,{unguinis§tutudit</span> <span class='ocrx_word' id='word_1_313' title='bbox 1581 3732 1760 3898; x_wconf 57' lang='lat' dir='ltr'>iiiiii:</span> <span class='ocrx_word' id='word_1_314' title='bbox 1802 3766 1806 3773; x_wconf 82' lang='grc'><strong>’</strong></span> 
     </span>
    </p>

    <p class='ocr_par' dir='ltr' id='par_1_12' title="bbox 309 3892 1751 4039">
     <span class='ocr_line' id='line_1_34' title="bbox 309 3892 1751 4039; baseline 0 -82"><span class='ocrx_word' id='word_1_315' title='bbox 309 3956 313 3965; x_wconf 84' lang='grc'>,</span> <span class='ocrx_word' id='word_1_316' title='bbox 387 3892 448 4039; x_wconf 60' lang='lat' dir='ltr'>cisp</span> <span class='ocrx_word' id='word_1_317' title='bbox 467 3915 487 3957; x_wconf 90' lang='lat' dir='ltr'>a</span> <span class='ocrx_word' id='word_1_318' title='bbox 506 3894 609 3977; x_wconf 72' lang='lat' dir='ltr'>Papa,</span> <span class='ocrx_word' id='word_1_319' title='bbox 629 3895 764 3977; x_wconf 88' lang='lat' dir='ltr'>quiahic</span> <span class='ocrx_word' id='word_1_320' title='bbox 776 3897 863 3960; x_wconf 89' lang='lat' dir='ltr'>dedit</span> <span class='ocrx_word' id='word_1_321' title='bbox 882 3898 1072 3972; x_wconf 87' lang='lat' dir='ltr'>indultario,</span> <span class='ocrx_word' id='word_1_322' title='bbox 1092 3894 1248 3979; x_wconf 78' lang='lat' dir='ltr'>supposita</span> <span class='ocrx_word' id='word_1_323' title='bbox 1267 3897 1450 3960; x_wconf 85' lang='lat' dir='ltr'>vocationis</span> <span class='ocrx_word' id='word_1_324' title='bbox 1472 3896 1677 3971; x_wconf 69' lang='lat' dir='ltr'>testitudine,</span> <span class='ocrx_word' id='word_1_325' title='bbox 1689 3915 1751 3979; x_wconf 86' lang='lat' dir='ltr'>po-</span> 
     </span>
    </p>

    <p class='ocr_par' dir='ltr' id='par_1_13' title="bbox 217 3982 1796 4469">
     <span class='ocr_line' id='line_1_35' title="bbox 217 3982 1796 4145; baseline 0.003 -26"><span class='ocrx_word' id='word_1_326' title='bbox 217 4050 220 4067; x_wconf 83' lang='lat'><em>&#39;</em></span> <span class='ocrx_word' id='word_1_327' title='bbox 384 3982 746 4141; x_wconf 48' lang='lat' dir='ltr'>deeristeplsere&#39;dsauiulam</span> <span class='ocrx_word' id='word_1_328' title='bbox 769 4060 907 4125; x_wconf 83' lang='lat' dir='ltr'>indulti:</span> <span class='ocrx_word' id='word_1_329' title='bbox 928 4062 1090 4125; x_wconf 83' lang='lat' dir='ltr'>dummodo</span> <span class='ocrx_word' id='word_1_330' title='bbox 1108 4059 1196 4123; x_wconf 78' lang='lat' dir='ltr'>nihii</span> <span class='ocrx_word' id='word_1_331' title='bbox 1211 4063 1362 4123; x_wconf 73' lang='lat' dir='ltr'>canuaninis</span> <span class='ocrx_word' id='word_1_332' title='bbox 1383 4058 1481 4123; x_wconf 75' lang='lat' dir='ltr'>obviet</span> <span class='ocrx_word' id='word_1_333' title='bbox 1499 4057 1663 4145; x_wconf 60' lang='lat' dir='ltr'>insistatis,</span> <span class='ocrx_word' id='word_1_334' title='bbox 1682 4078 1751 4123; x_wconf 91' lang='lat' dir='ltr'>non</span> <span class='ocrx_word' id='word_1_335' title='bbox 1793 4127 1796 4138; x_wconf 69' lang='grc'>,</span> 
     </span>
     <span class='ocr_line' id='line_1_36' title="bbox 384 4136 1753 4226; baseline 0.003 -25"><span class='ocrx_word' id='word_1_336' title='bbox 384 4137 493 4202; x_wconf 88' lang='lat' dir='ltr'>solnm</span> <span class='ocrx_word' id='word_1_337' title='bbox 512 4138 615 4205; x_wconf 89' lang='lat' dir='ltr'>videri</span> <span class='ocrx_word' id='word_1_338' title='bbox 663 4141 851 4226; x_wconf 62' lang='lat' dir='ltr'>assumtionis</span> <span class='ocrx_word' id='word_1_339' title='bbox 873 4146 1159 4215; x_wconf 87' lang='lat' dir='ltr'>examinationem,</span> <span class='ocrx_word' id='word_1_340' title='bbox 1178 4140 1381 4224; x_wconf 77' lang='lat' dir='ltr'>sedpersonu</span> <span class='ocrx_word' id='word_1_341' title='bbox 1396 4144 1492 4205; x_wconf 87' lang='lat' dir='ltr'>etiam</span> <span class='ocrx_word' id='word_1_342' title='bbox 1513 4136 1682 4222; x_wconf 81' lang='lat' dir='ltr'>reservari3</span> <span class='ocrx_word' id='word_1_343' title='bbox 1699 4141 1753 4205; x_wconf 89' lang='lat' dir='ltr'>sed</span> 
     </span>
     <span class='ocr_line' id='line_1_37' title="bbox 386 4159 1752 4306; baseline 0.005 -24"><span class='ocrx_word' id='word_1_344' title='bbox 386 4159 805 4306; x_wconf 63' lang='lat' dir='ltr'>impersonuiitcrsoquitur,</span> <span class='ocrx_word' id='word_1_345' title='bbox 827 4244 887 4293; x_wconf 88' lang='lat' dir='ltr'>nec</span> <span class='ocrx_word' id='word_1_346' title='bbox 904 4224 998 4299; x_wconf 89' lang='lat' dir='ltr'>dicit,</span> <span class='ocrx_word' id='word_1_347' title='bbox 1017 4224 1171 4290; x_wconf 87' lang='lat' dir='ltr'>reservari</span> <span class='ocrx_word' id='word_1_348' title='bbox 1172 4220 1288 4305; x_wconf 67' lang='lat' dir='ltr'>santia</span> <span class='ocrx_word' id='word_1_349' title='bbox 1307 4223 1401 4296; x_wconf 78' lang='lat' dir='ltr'>Sedi3</span> <span class='ocrx_word' id='word_1_350' title='bbox 1422 4220 1509 4304; x_wconf 89' lang='lat' dir='ltr'>quod</span> <span class='ocrx_word' id='word_1_351' title='bbox 1521 4221 1649 4285; x_wconf 89' lang='lat' dir='ltr'>firmant</span> <span class='ocrx_word' id='word_1_352' title='bbox 1669 4244 1752 4289; x_wconf 82' lang='lat' dir='ltr'>mox</span> 
     </span>
     <span class='ocr_line' id='line_1_38' title="bbox 386 4300 1754 4448; baseline 0.002 -83"><span class='ocrx_word' id='word_1_353' title='bbox 386 4300 554 4383; x_wconf 80' lang='lat' dir='ltr'>sequentia</span> <span class='ocrx_word' id='word_1_354' title='bbox 574 4306 688 4377; x_wconf 86' lang='lat' dir='ltr'>verba,</span> <span class='ocrx_word' id='word_1_355' title='bbox 710 4306 776 4387; x_wconf 88' lang='lat' dir='ltr'>pari</span> <span class='ocrx_word' id='word_1_356' title='bbox 790 4302 1046 4392; x_wconf 79' lang='lat' dir='ltr'>impersonuiitate</span> <span class='ocrx_word' id='word_1_357' title='bbox 1062 4313 1236 4384; x_wconf 86' lang='lat' dir='ltr'>concepta:</span> <span class='ocrx_word' id='word_1_358' title='bbox 1256 4314 1417 4387; x_wconf 77' lang='lat' dir='ltr'>antequam</span> <span class='ocrx_word' id='word_1_359' title='bbox 1439 4324 1519 4366; x_wconf 77' lang='lat' dir='ltr'>ann</span> <span class='ocrx_word' id='word_1_360' title='bbox 1539 4323 1630 4366; x_wconf 77' lang='lat' dir='ltr'>nun</span> <span class='ocrx_word' id='word_1_361' title='bbox 1646 4306 1754 4448; x_wconf 53' lang='lat' dir='ltr'>popiu-</span> 
     </span>
     <span class='ocr_line' id='line_1_39' title="bbox 387 4380 1753 4469; baseline 0.005 -26"><span class='ocrx_word' id='word_1_362' title='bbox 387 4380 465 4445; x_wconf 81' lang='lat' dir='ltr'>tatio</span> <span class='ocrx_word' id='word_1_363' title='bbox 482 4386 663 4448; x_wconf 80' lang='lat' dir='ltr'>examinata</span> <span class='ocrx_word' id='word_1_364' title='bbox 674 4380 798 4469; x_wconf 78' lang='lat' dir='ltr'>fiaiffit,</span> <span class='ocrx_word' id='word_1_365' title='bbox 822 4408 901 4451; x_wconf 85' lang='lat' dir='ltr'>cn1</span> <span class='ocrx_word' id='word_1_366' title='bbox 933 4408 1107 4453; x_wconf 63' lang='lat' dir='ltr'>ausser</span> <span class='ocrx_word' id='word_1_367' title='bbox 1131 4406 1381 4458; x_wconf 66' lang='lat' dir='ltr'>autumnus,</span> <span class='ocrx_word' id='word_1_368' title='bbox 1402 4386 1486 4447; x_wconf 80' lang='lat' dir='ltr'>nana</span> <span class='ocrx_word' id='word_1_369' title='bbox 1505 4388 1626 4449; x_wconf 81' lang='lat' dir='ltr'>ratione</span> <span class='ocrx_word' id='word_1_370' title='bbox 1643 4384 1679 4449; x_wconf 83' lang='lat' dir='ltr'>de</span> <span class='ocrx_word' id='word_1_371' title='bbox 1699 4406 1753 4450; x_wconf 83' lang='lat' dir='ltr'>ue·</span> 
     </span>
    </p>

    <p class='ocr_par' dir='ltr' id='par_1_14' title="bbox 217 4424 1754 4633">
     <span class='ocr_line' id='line_1_40' title="bbox 217 4424 1751 4551; baseline 0.006 -28"><span class='ocrx_word' id='word_1_372' title='bbox 217 4424 219 4527; x_wconf 72' lang='lat' dir='ltr'>i</span> <span class='ocrx_word' id='word_1_373' title='bbox 387 4472 443 4525; x_wconf 83' lang='lat' dir='ltr'>rut</span> <span class='ocrx_word' id='word_1_374' title='bbox 464 4484 727 4529; x_wconf 69' lang='lat' dir='ltr'>renuerasn.</span> <span class='ocrx_word' id='word_1_375' title='bbox 768 4469 818 4530; x_wconf 81' lang='lat' dir='ltr'>Au</span> <span class='ocrx_word' id='word_1_376' title='bbox 830 4488 911 4549; x_wconf 82' lang='lat' dir='ltr'>ergo</span> <span class='ocrx_word' id='word_1_377' title='bbox 929 4470 1001 4533; x_wconf 86' lang='lat' dir='ltr'>talis</span> <span class='ocrx_word' id='word_1_378' title='bbox 1022 4470 1209 4533; x_wconf 83' lang='lat' dir='ltr'>indultarins</span> <span class='ocrx_word' id='word_1_379' title='bbox 1230 4469 1292 4549; x_wconf 76' lang='lat' dir='ltr'>erit</span> <span class='ocrx_word' id='word_1_380' title='bbox 1308 4466 1415 4529; x_wconf 80' lang='lat' dir='ltr'>similis</span> <span class='ocrx_word' id='word_1_381' title='bbox 1432 4468 1609 4548; x_wconf 76' lang='lat' dir='ltr'>illegitimo,</span> <span class='ocrx_word' id='word_1_382' title='bbox 1631 4486 1649 4527; x_wconf 84' lang='lat' dir='ltr'>a</span> <span class='ocrx_word' id='word_1_383' title='bbox 1668 4468 1751 4551; x_wconf 81' lang='lat' dir='ltr'>Papa</span> 
     </span>
     <span class='ocr_line' id='line_1_41' title="bbox 388 4543 1754 4633; baseline 0.006 -29"><span class='ocrx_word' id='word_1_384' title='bbox 388 4543 430 4605; x_wconf 87' lang='lat' dir='ltr'>ad</span> <span class='ocrx_word' id='word_1_385' title='bbox 444 4544 661 4627; x_wconf 78' lang='lat' dir='ltr'>capenendum</span> <span class='ocrx_word' id='word_1_386' title='bbox 675 4546 896 4633; x_wconf 80' lang='lat' dir='ltr'>Episcopatum</span> <span class='ocrx_word' id='word_1_387' title='bbox 914 4553 1001 4633; x_wconf 82' lang='lat' dir='ltr'>prius</span> <span class='ocrx_word' id='word_1_388' title='bbox 1017 4549 1219 4633; x_wconf 74' lang='lat' dir='ltr'>dispensato?</span> <span class='ocrx_word' id='word_1_389' title='bbox 1240 4550 1333 4619; x_wconf 90' lang='lat' dir='ltr'>Non,</span> <span class='ocrx_word' id='word_1_390' title='bbox 1357 4551 1428 4629; x_wconf 84' lang='lat' dir='ltr'>quia</span> <span class='ocrx_word' id='word_1_391' title='bbox 1446 4547 1600 4629; x_wconf 76' lang='lat' dir='ltr'>eiusmodi</span> <span class='ocrx_word' id='word_1_392' title='bbox 1614 4547 1754 4611; x_wconf 83' lang='lat' dir='ltr'>indulta-</span> 
     </span>
    </p>

    <p class='ocr_par' dir='ltr' id='par_1_15' title="bbox 217 5030 218 5069">
     <span class='ocr_line' id='line_1_42' title="bbox 217 5030 218 5069; baseline 0 0"><span class='ocrx_word' id='word_1_393' title='bbox 217 5030 218 5069; x_wconf 79' lang='lat' dir='ltr'>i</span> 
     </span>
    </p>
   </div>
   <div class='ocr_carea' id='block_1_9' title="bbox 617 3977 1753 4073">
    <p class='ocr_par' dir='ltr' id='par_1_16' title="bbox 617 3977 1753 4073">
     <span class='ocr_line' id='line_1_43' title="bbox 617 3977 1753 4073; baseline 0.003 -34"><span class='ocrx_word' id='word_1_394' title='bbox 617 3977 740 4041; x_wconf 89' lang='lat' dir='ltr'>ediendi</span> <span class='ocrx_word' id='word_1_395' title='bbox 760 3978 790 4041; x_wconf 88' lang='lat' dir='ltr'>se</span> <span class='ocrx_word' id='word_1_396' title='bbox 803 3978 932 4059; x_wconf 87' lang='lat' dir='ltr'>ipinma</span> <span class='ocrx_word' id='word_1_397' title='bbox 957 3980 1111 4044; x_wconf 81' lang='lat' dir='ltr'>vinculo:</span> <span class='ocrx_word' id='word_1_398' title='bbox 1130 3978 1205 4041; x_wconf 89' lang='lat' dir='ltr'>hinc</span> <span class='ocrx_word' id='word_1_399' title='bbox 1224 3977 1255 4043; x_wconf 88' lang='lat' dir='ltr'>d.</span> <span class='ocrx_word' id='word_1_400' title='bbox 1276 3996 1340 4062; x_wconf 81' lang='lat' dir='ltr'>cap.</span> <span class='ocrx_word' id='word_1_401' title='bbox 1357 3996 1389 4061; x_wconf 86' lang='lat'>4.</span> <span class='ocrx_word' id='word_1_402' title='bbox 1404 3983 1439 4041; x_wconf 83' lang='lat' dir='ltr'>in</span> <span class='ocrx_word' id='word_1_403' title='bbox 1447 3979 1507 4073; x_wconf 78' lang='lat' dir='ltr'>fin.</span> <span class='ocrx_word' id='word_1_404' title='bbox 1530 3977 1667 4041; x_wconf 87' lang='lat' dir='ltr'>declarat</span> <span class='ocrx_word' id='word_1_405' title='bbox 1680 3979 1753 4059; x_wconf 81' lang='lat' dir='ltr'>qui·</span> 
     </span>
    </p>
   </div>
   <div class='ocr_carea' id='block_1_10' title="bbox 217 4626 1862 4809">
    <p class='ocr_par' dir='ltr' id='par_1_17' title="bbox 217 4626 1862 4809">
     <span class='ocr_line' id='line_1_44' title="bbox 389 4626 1781 4717; baseline 0.006 -32"><span class='ocrx_word' id='word_1_406' title='bbox 389 4626 460 4687; x_wconf 82' lang='lat' dir='ltr'>rius</span> <span class='ocrx_word' id='word_1_407' title='bbox 487 4626 704 4715; x_wconf 77' lang='lat' dir='ltr'>postulabitur,</span> <span class='ocrx_word' id='word_1_408' title='bbox 732 4630 788 4699; x_wconf 81' lang='lat' dir='ltr'>iile</span> <span class='ocrx_word' id='word_1_409' title='bbox 809 4650 891 4700; x_wconf 87' lang='lat' dir='ltr'>vero</span> <span class='ocrx_word' id='word_1_410' title='bbox 909 4632 1057 4717; x_wconf 61' lang='lat' dir='ltr'>aligerum</span> <span class='ocrx_word' id='word_1_411' title='bbox 1079 4628 1130 4697; x_wconf 87' lang='lat' dir='ltr'>sed</span> <span class='ocrx_word' id='word_1_412' title='bbox 1157 4632 1262 4695; x_wconf 90' lang='lat' dir='ltr'>omnis</span> <span class='ocrx_word' id='word_1_413' title='bbox 1282 4629 1457 4717; x_wconf 83' lang='lat' dir='ltr'>postulatio</span> <span class='ocrx_word' id='word_1_414' title='bbox 1483 4629 1577 4713; x_wconf 83' lang='lat' dir='ltr'>dirigi</span> <span class='ocrx_word' id='word_1_415' title='bbox 1597 4628 1691 4695; x_wconf 86' lang='lat' dir='ltr'>debet</span> <span class='ocrx_word' id='word_1_416' title='bbox 1711 4631 1752 4693; x_wconf 90' lang='lat' dir='ltr'>ad</span> <span class='ocrx_word' id='word_1_417' title='bbox 1774 4662 1781 4675; x_wconf 90' lang='lat'><strong>·</strong></span> 
     </span>
     <span class='ocr_line' id='line_1_45' title="bbox 217 4700 1862 4809; baseline 0.007 -22"><span class='ocrx_word' id='word_1_418' title='bbox 217 4804 218 4809; x_wconf 8' lang='grc' dir='ltr'><strong><em>Ν</em></strong></span> <span class='ocrx_word' id='word_1_419' title='bbox 332 4700 562 4789; x_wconf 80' lang='lat' dir='ltr'>Tonas-nl.</span> <span class='ocrx_word' id='word_1_420' title='bbox 1154 4712 1185 4787; x_wconf 89' lang='lat' dir='ltr'>B</span> <span class='ocrx_word' id='word_1_421' title='bbox 1320 4782 1327 4794; x_wconf 83' lang='lat'>,</span> <span class='ocrx_word' id='word_1_422' title='bbox 1607 4777 1612 4788; x_wconf 84' lang='lat'>.</span> <span class='ocrx_word' id='word_1_423' title='bbox 1689 4724 1752 4791; x_wconf 79' lang='lat' dir='ltr'>Pa·</span> <span class='ocrx_word' id='word_1_424' title='bbox 1857 4792 1862 4799; x_wconf 84' lang='lat'><strong>.</strong></span> 
     </span>
    </p>
   </div>
   <div class='ocr_carea' id='block_1_11' title="bbox 0 0 2264 5550">
    <p class='ocr_par' dir='ltr' id='par_1_18' title="bbox 0 0 2264 5550">
     <span class='ocr_line' id='line_1_46' title="bbox 0 0 2264 5550; baseline 0 0"><span class='ocrx_word' id='word_1_425' title='bbox 0 0 2264 5550; x_wconf 95' lang='lat' dir='ltr'> </span> 
     </span>
    </p>
   </div>
  </div>
 </body>
</html>
