4509 5550
490 597 554 678 23,
772 647 776 654 ,
814 653 819 664 ,
891 565 1324 668 ¹DlSSER'l'A'l’IO
1365 567 1560 650 PRlMA

531 759 585 830 Ad
596 775 647 824 aa.
669 753 756 822 Dura
767 751 943 839 exprellio,
959 751 1045 838 quod
1059 751 1207 818 Roianus
1218 726 1397 818 detinuisset
1408 730 1580 837 Ecclesiam
1589 743 1763 833 spirensem
1776 729 1979 835 atsccrtaral

603 840 750 906 'situlum
764 837 969 902 conservavit
979 857 989 912 ς
1014 837 1085 983 quia
1099 836 1242 900 nondam
1253 834 1357 899 suerat
1368 835 1705 900 canonicetranrlatnr:
1728 835 1890 899 transtulit
1902 854 1978 898 cunr

603 926 706 990 verbo
722 921 886 986 Martinus
899 921 960 997 V.,
983 920 1012 982 se
1049 919 1160 1003 absque
1174 920 1294 1003 provio
1308 917 1523 1016 postulatione,
1545 914 1601 980 vel
1613 919 1722 999 quavis
1733 917 1887 982 voluntate
1906 915 1981 981 rre-

500 1008 506 1020 '
603 1009 690 1072 airon
704 1025 729 1067 rr
742 1004 895 1088 Eariefioe,
916 999 1114 1090 appromiffae
1128 1019 1184 1085 per
1201 1000 1217 1061 s
1235 1001 1369 1066 iritualra
1386 999 1403 1062 s
1420 998 1536 1062 onsulia
1554 997 1733 1082 dignissimo
1748 997 1880 1082 sponso,
1943 1015 1981 1062 a·

485 1129 487 1133 -
520 1112 527 1127 ·
603 1085 823 1160 coborSirck,
846 1085 970 1150 Radani
984 1085 1090 1168 postea
1105 1083 1195 1148 succe
1222 1085 1288 1159 ori,
1309 1022 1691 1164 invaliepervioleutum
1707 1101 1858 1167 procum.
1934 1083 1981 1143 ri·

603 1189 704 1236 cama
721 1167 949 1252 Manderjcbrid
962 1165 1184 1232 honestissimae
1195 1168 1323 1241 viduae,
1352 1183 1424 1248 quae
1436 1166 1562 1250 nuptias
1575 1164 1698 1228 inutilis
1717 1165 1759 1228 ob
1775 1164 1893 1228 senium
1912 1182 1982 1226 ma·

605 1255 660 1318 riti
673 1273 744 1318 ,nou
766 1253 971 1335 concupivit:
1000 1251 1110 1314 mansit
1130 1266 1210 1332 ergo
1228 1246 1313 1315 reite
1331 1247 1479 1314 micans
1494 1248 1578 1331 apud
1596 1246 1736 1329 sponsam
1752 1246 1837 1311 suam
1850 1245 1982 1328 Spiren-

598 1333 687 1421 sama
699 1354 782 1412 ,nam
797 1334 929 1419 proorfio
945 1333 1068 1416 Papalir
1074 1330 1145 1415 sola
1159 1333 1302 1395 nondum
1317 1329 1435 1396 fecerat
1448 1350 1521 1394 enm
1534 1331 1682 1394 maritum
1701 1329 1900 1412 Trevirenfir,
1925 1345 1982 1390 ua·

607 1437 670 1500 que
685 1419 766 1482 adeo
778 1419 910 1489 invitae,
929 1426 966 1478 ut
979 1415 1125 1478 maluerit
1131 1411 1268 1497 secando
1283 1417 1346 1478 uice
1358 1412 1478 1497 eligere
1495 1411 1647 1485 marcam,
1669 1410 1818 1475 donec&
1831 1409 1983 1491 ipsepro·

605 1511 677 1583 pter
694 1499 912 1564 crudelitatem
935 1497 1121 1578 displiceret.
1177 1495 1410 1560 Remonlirstio
1433 1493 1573 1580 Capituli
1593 1492 1720 1564 Trevir.
1742 1493 1782 1558 ad
1799 1493 1982 1574 Concilium

607 1579 773 1668 Bafileense
783 1582 816 1645 in
827 1579 908 1666 Hafl.
924 1580 998 1664 dipl.
1023 1579 1142 1644 Treuir.
1164 1578 1247 1643 Tam.
1259 1598 1291 1646 a.
1302 1597 1377 1664 paq.
1391 1588 1465 1660 382.

530 1715 584 1784 Ad
595 1737 644 1787 21.
667 1717 861 1802 Replicatur‚
878 1716 1119 1780 translationem
1137 1713 1258 1779 Radani
1271 1711 1362 1778 soille
1373 1722 1497 1780 tantum
1509 1715 1728 1793 aniloteralem,
1745 1737 1788 1782 ex
1801 1714 1865 1779 sola
1876 1713 1984 1779 inteu-

605 1804 695 1865 tione
712 1801 853 1863 Martini
866 1799 927 1872 V.,
951 1797 985 1861 dc
999 1797 1139 1873 Reburri,
1161 1807 1276 1880 praeter
1286 1817 1415 1862 omnem
1432 1795 1701 1880 exspettationem
1722 1797 1905 1883 Treuirenfir
1919 1794 1983 1860 Ec·

476 1949 479 1956 k
609 1883 714 1964 elafio,
734 1882 880 1945 habentis
893 1882 969 1945 alias
982 1881 1111 1943 liberam
1124 1878 1332 1950 eletiionem,
1356 1879 1390 1942 dt
1403 1878 1463 1943 hac
1474 1898 1601 1962 quoque
1615 1883 1689 1945 vice
1701 1881 1892 1964 legitimam,
1906 1895 1981 1960 quae

606 1967 746 2028 omniuo
763 1961 914 2028 debuisset
931 1963 1119 2025 confirmari.
1157 1959 1355 2034 Uniloteralir
1368 1971 1473 2024 autem
1487 1961 1654 2027 translatio
1669 1966 1810 2026 nondum
1822 1961 1867 2027 cll
1878 1969 1982 2024 trans·

604 2047 686 2112 lotio
700 2048 783 2130 plene
791 2043 897 2130 sabia,
921 2053 1037 2128 utpote
1048 2044 1087 2106 ad
1104 2062 1197 2126 quam
1215 2048 1289 2106 nnio
1303 2063 1369 2106 cnm
1388 2061 1468 2107 nova
1477 2041 1594 2126 sponsa
1613 2045 1813 2112 desideratur.
1860 2043 1981 2108 Panor-

603 2133 743 2194 mitanas
766 2149 831 2190 nou
857 2129 966 2208 tetigit
988 2127 1101 2192 nodam
1124 2123 1218 2187 stn'nr
1240 2121 1355 2209 cansoe3
1376 2125 1494 2207 semper
1513 2129 1598 2190 enim
1616 2130 1647 2191 in
1663 2149 1704 2193 eo
1723 2128 1784 2203 eli,
1806 2125 1893 2210 quod
1911 2143 1980 2190 nou

602 2208 781 2292 requiratur
792 2203 937 2294 poffifflo,
960 2209 994 2272 dt
1014 2205 1100 2289 quod
1118 2145 1205 2270 casim
1227 2205 1438 2288 superveniens
1458 2227 1524 2268 uon
1544 2211 1683 2274 infirmet
1703 2210 1789 2274 reste
1804 2208 1923 2273 fabium
1939 2207 1979 2271 rb

604 2294 719 2364 initio;
744 2313 815 2354 curn
831 2307 935 2354 tamen
958 2294 1093 2374 probare
1113 2288 1284 2360 debuisset,
1305 2297 1377 2352 onte
1398 2285 1568 2371 carpensem
1583 2291 1981 2376 noooespiritualirnxoris

604 2371 699 2458 adcisa
712 2393 815 2438 veram
828 2375 1077 2445 translationem,
1101 2373 1134 2434 in
1149 2389 1215 2452 quo
1238 2371 1282 2433 eli
1294 2374 1488 2433 crtaomanoa
1499 2370 1606 2455 causo.

452 2481 459 2488 ’
528 2487 583 2562 Ad
603 2509 655 2558 22.
681 2489 836 2575 Equidem
851 2491 922 2573 jora
938 2489 990 2554 sub
1007 2509 1092 2554 num.
1110 2485 1206 2572 lrujus
1222 2488 1344 2552 conlilii
1355 2507 1386 2570 3.
1403 2485 1438 2550 dc
1451 2499 1481 2561 8.
1505 2488 1639 2572 allegata
1652 2507 1719 2552 non
1745 2487 1922 2572 loquuntur
1937 2489 1977 2552 de

604 2571 757 2659 Episcopo
770 2575 945 2649 translato,
970 2573 1021 2638 sed
1035 2574 1073 2637 de
1086 2567 1234 2655 inferiore
1251 2571 1361 2638 clerico
1374 2571 1506 2634 ulterius
1521 2583 1691 2654 promoto,
1712 2582 1749 2634 nt
1771 2573 1856 2636 reite
1879 2572 1979 2635 solvit

602 2669 823 2754 argumentum
848 2657 1092 2756 Panormitannr.
1136 2653 1277 2754 ilerum,
1297 2673 1336 2716 an
1356 2653 1443 2716 dedit
1462 2653 1556 2716 etiam
1569 2654 1769 2754 diuerfitatem
1785 2653 1977 2797 opponatis?

600 2735 1978 2910 lltltltttl,ttlllmitlttll:trallis‚llltllltttltltlt

601 2926 664 2989 que
681 2907 833 2989 praebito,
860 2900 1096 2986 desponsando?
1138 2898 1188 2963 De
1206 2899 1371 2985 resistentia
1403 2904 1612 2981 aperientem
1629 2901 1780 2975 observa,
1805 2901 1896 2965 aliam
1914 2896 1977 2964 elie

602 2986 741 3073 sponsa,
773 2988 864 3050 aliam
884 2988 970 3067 proci
988 2984 1140 3047 alterins.-
1171 2979 1267 3063 hujus
1287 2980 1456 3048 relilieutia
1476 3000 1545 3047 nou
1563 2984 1697 3071 impedit
1716 2982 1978 3059 translationem,

603 3071 704 3133 modo
718 3070 802 3133 velit
818 3086 907 3131 nova
924 3066 1030 3151 sponsa
1052 3063 1216 3151 praetensa.

526 3188 578 3259 Ad
595 3202 645 3267 23.
659 3182 824 3250 Subtilitas
839 3182 891 3248 illa
908 3185 947 3249 de
963 3182 1142 3249 necellitate
1158 3176 1374 3263 absolutionis,
1398 3182 1550 3265 perprius
1565 3184 1603 3247 ad
1617 3180 1876 3266 conjuntiionem
1896 3178 1975 3265 Epi·

600 3268 688 3350 scopi
704 3286 775 3330 cum
793 3286 880 3343 nova
894 3266 1030 3335 Ecclesia
1046 3266 1217 3337 sacieudae,
1235 3262 1300 3345 jam
1314 3261 1403 3346 supra
1427 3262 1472 3329 est
1491 3266 1645 3329 refutata:
1667 3266 1827 3329 absolutio
1849 3260 1903 3329 illa
1928 3264 1974 3328 est

598 3368 676 3433 pars
700 3350 931 3422 translationis,
955 3369 1027 3433 quae
1047 3348 1113 3413 duo
1135 3346 1376 3429 complestitur,
1397 3366 1511 3428 nempe
1535 3346 1767 3429 absolutionem,
1787 3344 1821 3409 &
1847 3346 1974 3429 conjun-

601 3431 745 3503 liionemr
768 3428 857 3493 sruua
873 3434 1064 3514 parscadat,
1090 3431 1175 3494 cadit
1190 3439 1314 3500 totum,
1335 3433 1640 3509 nempetranrlati03
1661 3428 1762 3493 liuon
1775 3428 1852 3492 adlit
1871 3442 1974 3491 trans·

599 3514 702 3585 latio,
721 3522 797 3576 tnnc
818 3531 921 3595 neque
933 3515 1110 3585 absolutior
1131 3510 1266 3577 retorsro
1285 3509 1382 3583 huius
1397 3510 1576 3574 subtilitatis
1593 3512 1680 3576 estin
1694 3512 1974 3595 casapermatatio·

599 3598 650 3657 nir
664 3596 794 3657 acorum
808 3595 1067 3679 Episcopatnnm,
1094 3614 1203 3659 coram
1224 3592 1293 3656 solo
1317 3591 1397 3690 Papa
1416 3591 1520 3655 sorsau
1547 3592 1657 3667 famae,
1680 3595 1798 3674 absque
1821 3592 1974 3658 consensu

600 3676 827 3741 Ecclefiarum:
844 3680 1039 3759 praecederet
1051 3678 1104 3743 hic
1119 3678 1215 3741 etiam
1238 3675 1454 3749 renunciatio,
1482 3674 1531 3738 sed
1555 3677 1673 3759 absque
1692 3675 1810 3739 efferto
1829 3678 1974 3740 vacatio-

602 3760 652 3823 nis
668 3760 705 3822 ad
718 3760 950 3826 relaxationem
970 3762 1061 3844 primi
1077 3758 1276 3843 episcopatus
1293 3754 1492 3839 qualilicatae.

526 3880 579 3947 Ad
595 3894 646 3957 24.
666 3875 740 3940 Hoc
756 3874 854 3941 fimile
882 3878 1057 3942 ressestitur
1079 3878 1112 3941 in
1134 3874 1409 3946 harmiscaram,
1433 3875 1487 3954 qui
1499 3870 1647 3956 supponit
1661 3838 1885 3953 professionem
1896 3870 1972 3936 tell·
2079 3901 2080 3916 π

599 3958 718 4041 giosam
730 3958 790 4023 elie
807 3960 958 4033 oolibam
982 3960 1044 4023 alil
1068 3958 1092 4021 sr
1107 3977 1171 4020 nou
1183 3958 1304 4022 valeret
1318 3956 1372 4018 ilia
1388 3997 1397 4027 ,
1414 3976 1453 4016 au
1467 3976 1531 4016 non
1545 3958 1702 4035 reciperet
1711 3954 1783 4017 talis
1795 3954 1879 4017 suam
1892 3973 1972 4016 con·

542 4080 551 4091 ·
599 4040 734 4123 jugem?
775 4041 827 4105 Sic
848 4044 964 4115 etiam,
983 4041 1006 4104 fi
1022 4042 1185 4104 translatio
1206 4039 1337 4137 verbulis
1353 4054 1419 4099 uon
1437 4038 1597 4103 validetur
1610 4036 1701 4102 simul
1720 4058 1778 4123 prr
1800 4034 1971 4120 eonsensum

599 4124 734 4209 Earleſsoe
751 4122 795 4187 ad
808 4142 898 4208 qnam
915 4166 925 4202 ,
948 4124 1117 4206 recipietur
1132 4122 1220 4205 prior
1234 4119 1443 4204 episcopatus.
1956 4161 1959 4167 -

409 4288 413 4303 .
523 4242 577 4317 Ad
592 4258 642 4323 25.
664 4239 716 4303 Eo
736 4241 821 4323 ipso,
840 4242 926 4321 quod
941 4242 1011 4324 quis
1024 4242 1166 4323 acquirat
1188 4236 1356 4303 secuudum
1372 4233 1616 4319 Episcopatum,
1637 4246 1733 4301 vacat
1755 4236 1894 4318 primus:
1917 4234 1970 4298 sed

602 4342 688 4404 nego
706 4322 915 4406 suppositum,
936 4324 1021 4405 quod
1034 4322 1182 4387 Rabanar
1194 4338 1249 4402 prr
1261 4316 1361 4397 solam
1375 4318 1574 4405 proorfioaem
1593 4322 1808 4385 translativam
1830 4316 1971 4381 Martini

598 4404 640 4471 V.
652 4406 843 4489 acqnifiorrit
857 4408 1159 4491 Araln'episcopatam
1180 4398 1393 4483 slevicensem.

527 4521 810 4593 Ascatancas
830 4522 887 4587 illo
904 4518 1007 4584 adbuc
1023 4528 1154 4598 tempore
1178 4539 1244 4583 noa
1263 4522 1371 4602 potuit
1391 4518 1513 4593 dicere,
1534 4514 1838 4601 Arrhiepiscopotnm
1864 4518 1971 4582 Treui·

600 4602 714 4690 ransom
727 4600 896 4693 efflsannr,
919 4600 958 4673 ἕν’
970 4605 1084 4670 nemini
1098 4604 1190 4671 alten
1204 4602 1357 4677 debitnmr
1369 4602 1550 4670 debebatur
1570 4602 1655 4668 euim
1669 4601 1792 4693 dejure
1809 4600 1969 4763 ,tiam
