4509 5550
217 299 227 419 l

218 422 224 537 l

413 625 482 704 ns
506 622 834 701 uonuustuo
866 623 901 702 s.
929 623 1158 704 munstur
1179 589 1614 714 'uoussrsuto'us
1680 665 1745 738 105
1879 569 1884 576 ’

388 806 460 871 snut
476 824 493 865 a
508 803 679 888 Praeposito
695 802 845 870 Ecclefisr
858 804 895 868 Β.
909 772 953 874 V
971 806 1010 868 sd
1021 805 1158 888 gmdna„
1187 811 1285 888 prout
1302 802 1370 870 sila
1386 806 1596 878 in'Arcblvio
1609 813 1747 884 auum·

383 894 419 951 ts
434 888 555 950 abunde
569 885 730 953 testantur.

365 1003 541 1104 Postquam
562 1009 667 1100 igitur
683 1007 844 1079 canonici
859 1001 986 1100 abjesla
1000 1005 1069 1077 uita
1083 1009 1253 1077 communi
1270 1003 1426 1080 advitam
1445 1006 1640 1106 sirtgularem
1657 1039 1745 1092 man·

281 1097 421 1188 ierunt‚'
444 1129 645 1200 externaque
662 1107 796 1176 vivendi
819 1101 991 1201 disciplina
1011 1101 1044 1172 se
1066 1101 1197 1198 pianes
1221 1105 1398 1175 Monacbis
1424 1107 1688 1202 &regularibus
1708 1121 1744 1188 in

281 1205 438 1271 communi
459 1201 647 1272 viventibus
670 1200 924 1282 discreverunt,
950 1199 1063 1271 sensim
1077 1225 1215 1296 quoque
1232 1197 1391 1271 vocabula
1415 1225 1627 1282 communem
1650 1213 1743 1286 illam

279 1299 366 1367 sitam
380 1294 595 1396 praefetentia
610 1297 826 1398 respuerunt,
852 1321 953 1395 atque
968 1301 1014 1370 ita
1028 1321 1146 1369 cotum
1160 1294 1309 1370 Ecclesiae
1322 1293 1387 1368 five
1399 1301 1538 1396 collegia
1555 1311 1650 1404 prius
1666 1313 1743 1382 Mo.

208 1424 209 1439 ¹
278 1392 401 1467 mlieris
416 1396 686 1492 nuncupatadici
701 1418 874 1563 caeperunt
890 1399 1047 1489 Capitale,
1067 1399 1142 1465 ades
1157 1401 1317 1466 verrinis«
1333 1393 1561 1488 (ruffilpomu
1578 1407 1667 1480 idem
1680 1417 1740 1480 ca.
1797 1477 1801 1484 ,

277 1497 352 1584 pituli
363 1515 486 1565 nomen
498 1496 746 1586 congregationi
771 1517 829 1574 ua,
854 1515 929 1589 quae
942 1490 1082 1563 durante
1096 1493 1164 1564 rita
1178 1493 1347 1562 communi
1361 1491 1556 1570 dicebantur
1571 1527 1739 1578 conventus

277 1588 317 1659 rel
328 1595 463 1671 carario,
488 1591 603 1661 datum
619 1588 694 1661 fuit.
744 1591 858 1662 Variis
873 1609 982 1660 tamen
996 1593 1030 1659 in
1042 1589 1125 1660 locis
1141 1587 1290 1661 mansere
1308 1593 1443 1662 nomina
1466 1599 1657 1688 Manassetr'i
1676 1627 1739 1674 ma·

274 1689 360 1776 juris:
393 1682 602 1783 munster!
625 1688 731 1759 veluti
745 1687 962 1779 Argentoratl
979 1683 1056 1756 alibi
1081 1711 1141 1758 ue:
1172 1707 1249 1758 nota
1265 1683 1311 1758 est
1326 1707 1487 1782 praeterea
1507 1691 1614 1766 adhuc
1636 1697 1739 1772 bodie

277 1779 350 1854 nilis
362 1787 591 1857 conventualis
603 1783 705 1878 vulgo
721 1784 773 1866 bie
787 1711 1108 1879 Contentsssslilcir
1135 1805 1208 1880 quse
1221 1783 1436 1882 compellatio
1451 1811 1490 1862 cx
1507 1791 1574 1864 vira
1588 1815 1737 1870 commu·

277 1880 476 1954 urcmanfit.

304 2011 322 2054 ·
337 2012 462 2080 Dehoc
472 2014 636 2082 vocabulo
650 2011 744 2080 Cous.
762 2011 781 2088 J
788 2031 963 2081 orsurus
984 2013 1019 2076 in
1033 2008 1126 2076 Naris
1138 2007 1181 2076 ad
1199 2007 1378 2102 Sororium
1390 2031 1420 2099 p.
1434 2025 1486 2100 48.

900 2197 940 2288 t..
979 2189 1100 2266 xxi:

365 2333 414 2402 Er
426 2325 670 2404 solahasienus
684 2323 841 2401 recensita
854 2323 1005 2400 Ecclesia
1021 2331 1174 2423 Mettop.
1192 2327 1287 2419 Mag.
1302 2324 1439 2401 hislotla
1454 2329 1650 2408 testimoniis
1665 2335 1732 2416 fide
1782 2325 1802 2360 ²

278 2423 449 2518 dgnissrnia
471 2426 613 2524 probata
635 2421 834 2498 sufficienter
854 2424 920 2496 ‘am
941 2445 1035 2522 patet
1055 2419 1299 2498 Monallcrium
1321 2430 1354 2498 S.
1371 2433 1512 2502 Martini
1538 2439 1634 2527 Mog.
1649 2461 1733 2508 nun·
1786 2459 1797 2480 ·

278 2545 355 2616 quam
368 2527 442 2604 ord,
459 2529 494 2599 S.
510 2520 682 2597 Beneditli
700 2451 883 2595 numerali'e
898 2521 1104 2602 Monachus,
1137 2543 1174 2592 ut
1197 2545 1308 2592 autent
1328 2529 1436 2594 omnis
1452 2527 1666 2604 dubitationis
1678 2557 1731 2606 re·

277 2641 423 2696 noscatur
439 2621 581 2702 umbra,
599 2620 697 2719 plura
713 2619 821 2690 adbuc
833 2614 1067 2711 subjuncturus
1082 2613 1154 2686 sunt
1168 2639 1390 2706 argumenta,·
1400 2623 1489 2693 inter
1503 2632 1729 2725 quaprimutn

276 2717 416 2797 inordine
432 2745 476 2795 ex
491 2715 624 2792 defeslu
639 2721 741 2791 trium
751 2736 912 2790 votorum
927 2711 1112 2789 solennium
1126 2714 1248 2785 merito
1263 2709 1465 2791 desumitur:
1551 2745 1554 2750 ·

364 2850 539 2927 Constare
564 2849 677 2924 uidem
694 2852 783 2923 inter
804 2873 920 2921 omncs
943 2846 984 2919 de
1004 2842 1138 2920 essentia
1159 2846 1234 2919 vitae
1253 2844 1447 2923 Mossstice
1471 2875 1549 2927 vete
1571 2852 1646 2927 talis
1672 2864 1728 2931 rei
1800 2898 1807 2903 ·

274 2948 359 3041 quiri,
375 2977 411 3024 ut
423 2878 618 3023 Monaiitus
636 2974 669 3043 3.
683 2948 768 3021 votis
781 2942 968 3019 solennibus
984 2940 1140 3016 castitatis
1149 2991 1157 3025 ,
1183 2950 1410 3040 paupertatis,
1429 2948 1671 3025 &obedientie
1687 2952 1726 3027 sit
1768 2992 1773 3006 ν

275 3042 443 3130 edilrisius,
465 3046 524 3120 ubi
538 3046 596 3117 illa
612 3042 745 3126 desunt,
769 3042 816 3115 ibi
831 3067 891 3115 nec
906 3036 994 3114 adesi
1006 3043 1073 3113 vita
1089 3036 1245 3131 religiosa
1260 3065 1297 3113 ac
1312 3068 1390 3117 vere
1404 3044 1606 3121 Monsssica:
1635 3050 1726 3123 aliud
1744 3136 1748 3145 .

274 3146 343 3213 enim
355 3142 397 3218 eil
410 3146 529 3219 virete
543 3167 638 3216 more
652 3140 920 3222 Monacborum,
937 3137 1027 3210 aliud
1040 3134 1103 3209 else
1116 3137 1323 3213 Monachum
1339 3165 1417 3215 vete
1432 3145 1550 3219 telem:
1577 3150 1653 3244 Jam
1671 3174 1726 3220 au·
1791 3202 1798 3215 .

272 3258 324 3309 tem
341 3247 426 3315 Cras
439 3259 690 3313 onooaNGI
711 3236 845 3331 regula,
901 3260 950 3307 uae
967 3232 1000 3333 dr
1015 3258 1034 3306 a
1048 3234 1149 3307 clero
1166 3238 1318 3331 Metrop.
1332 3242 1488 3331 Mogunt.
1504 3244 1539 3313 in
1555 3245 1726 3319 communi

273 3334 645 3417 riventeobserrabatut,
670 3332 744 3410 suos
765 3262 952 3408 solennitus
968 3328 1058 3403 hisce
1077 3332 1162 3403 votis
1180 3330 1268 3401 haud
1288 3330 1621 3423 adstrinxeratsliccr
1633 3346 1725 3417 enim

270 3432 412 3509 sabbatus
425 3459 574 3507 annuus
587 3430 664 3505 esset
677 3436 774 3505 tacite
787 3427 960 3502 ordinibus
974 3420 1174 3522 majoribus,
1211 3450 1326 3500 votum
1346 3452 1456 3511 tumen
1480 3433 1635 3508 castitatis
1652 3464 1722 3511 non
1852 3460 1858 3467 ·

272 3530 393 3626 crptelse
415 3559 436 3604 a
458 3532 617 3613 Clericis,
673 3528 739 3601 uod
762 3551 871 3606 tamen
895 3526 929 3597 in
951 3526 1067 3619 regula
1088 3548 1191 3619 penes
1211 3528 1401 3601 Monachus
1421 3534 1624 3627 requiritur,
1656 3530 1723 3606 fuit

270 3624 406 3701 esnilsum.
433 3633 495 3701 ado
511 3628 546 3699 bi
560 3554 695 3724 petalis
706 3618 906 3792 professione
924 3620 1003 3693 licet
1018 3620 1202 3717 majoribus
1222 3621 1394 3695 ordinibus
1416 3626 1502 3697 baud
1525 3630 1646 3701 initiati
1662 3626 1722 3703 ob·
1797 3646 1804 3653 '

270 3722 448 3814 ligatierant
464 3728 499 3797 vi
518 3726 588 3796 voti
604 3721 647 3795 ad
662 3748 707 3795 cae
722 3720 866 3801 ibatum,
893 3717 1016 3791 Clerici
1039 3741 1151 3789 autem
1172 3719 1205 3786 in
1222 3717 1434 3792 Monasteriis
1452 3724 1529 3797 licet
1551 3725 1720 3817 degentes,

271 3822 388 3897 necdum
402 3845 516 3896 autern
532 3820 573 3891 ad
584 3819 728 3916 majores
745 3819 893 3911 promoti
908 3816 1042 3890 ordines
1061 3811 1181 3886 relislo
1199 3810 1281 3887 statu
1295 3816 1516 3895 Ecclesiastico
1532 3823 1572 3894 ad
1587 3822 1719 3897 secula·

269 3940 400 4001 temucc
410 3943 482 3993 non
497 3916 539 3989 ad
556 3914 836 3989 matrimonialem
849 3910 960 3986 redire
975 3934 1148 4009 poterant:
1164 3908 1313 3984 smiliter
1331 3920 1393 4000 3tio
1409 3916 1530 3989 Clerici
1546 3920 1719 4013 viregulae

268 4015 600 4090 Cuaoooosuor
624 4012 664 4084 ad
684 4008 904 4111 prestandum
922 4004 1150 4107 superioribus
1170 4004 1392 4083 obedientiam
1414 4012 1559 4087 adilrisii
1579 4016 1717 4114 quidem

267 4132 357 4195 crant,
380 4114 473 4185 nullo
490 4134 602 4183 autem
621 4106 764 4205 desuper
785 4103 973 4201 ligabantur
987 4127 1085 4189 voto;
1117 4128 1226 4200 neque
1240 4113 1445 4206 paupertatis
1467 4137 1629 4185 annexum
1644 4114 1731 4191 erat‘

268 4230 362 4281 tntum
376 4206 471 4281 statui
486 4206 632 4280 clericali
646 4226 750 4306 prout
767 4199 940 4280 elanffime
961 4224 1052 4301 patet
1072 4226 1112 4274 er
1131 4202 1247 4293 regula
1272 4208 1620 4283 Crsuonoosuor
1642 4236 1717 4310 cap.

269 4306 367 4381 xxxi.
384 4306 569 4379 &xxxlu
584 4305 619 4377 in
633 4305 741 4401 priori
754 4305 844 4375 enim
859 4298 1091 4384 llatuitut,ar,
1105 4304 1200 4392 quiin
1215 4310 1440 4396 congregacione
1454 4311 1658 4381 acumicorum
1671 4336 1718 4383 re·

268 4406 467 4495 miminerit,
485 4398 740 4496 fualratersus
756 4400 885 4489 Eualessae
906 4401 1014 4483 dores,
1039 4396 1196 4490 reseruata
1212 4416 1313 4469 terren
1334 4402 1402 4491 ips,
1427 4402 1568 4492 siries,
1587 4408 1719 4499 ‚rsusrro

269 4502 320 4573 dar
340 4500 372 4571 in
387 4497 569 4595 posteriore
583 4498 791 4597 permittitur
806 4494 952 4579 clericis,
978 4515 1014 4566 ar
1028 4517 1081 4589 pro
1096 4490 1202 4587 miffis,
1227 4496 1491 4591 &consessoribus
1507 4505 1622 4595 aliquid
1638 4508 1718 4576 acci·

266 4614 333 4687 pne,
355 4600 435 4672 &in
445 4593 510 4680 surr
524 4594 594 4684 rsus
608 4614 785 4670 converrere
797 4594 921 4688 paffittr:
966 4590 1099 4665 (ilarius
1116 4591 1225 4663 adhuc
1241 4588 1325 4667 illud
1344 4592 1513 4697 colligitur
1525 4622 1565 4673 ex
1583 4604 1714 4674 Concilio

218 4775 222 4822 ἶ
306 4688 424 4771 Tamus
444 4690 531 4805 Ill..
1108 4690 1142 4761 0
1599 4700 1714 4791 Aquis·
