4509 5550
290 639 302 646 ,
402 511 405 515 ’
503 576 571 662 nt
616 575 658 655 ·.
865 535 1609 640 ursQu1stT10cAuoutcA

1135 722 1166 810 §-
1199 716 1332 792 xiv,

547 853 650 960 Quid
658 849 958 954 temporeseceffuc
970 875 994 928 n
1007 850 1091 927 vito
1107 848 1292 926 Communi
1308 849 1452 926 tanain
1471 844 1733 948 capitularium
1748 843 1796 925 ἔθ’
1812 842 1941 934 Dumi-¹
2030 872 2035 881 ·

510 1011 515 1018 -
836 1000 841 1004 ·
990 1029 992 1035 s
1057 965 1209 1034 celarium
1225 961 1411 1034 obtinuerit?

596 1103 688 1170 Dum
697 1099 764 1168 vita
771 1095 957 1166 communis
965 1097 1120 1167 canonico
1127 1091 1252 1168 sublata
1261 1089 1338 1178 fuit,
1353 1091 1595 1166 bonaEeclcfite
1605 1090 1805 1190 plerumque
1818 1093 1852 1163 in
1862 1113 1928 1164 tres
1938 1091 1984 1184 a)

498 1201 651 1274 licetnon
662 1191 943 1290 semperaequales
953 1191 1055 1265 diviso
1067 1189 1142 1264 suut
1156 1193 1351 1288 portiones;
1370 1215 1513 1288 quarum
1528 1191 1594 1262 una
1604 1184 1828 1282 affignattfuit
1843 1208 1906 1286 pro
1917 1191 1985 1260 Ec·

446 1353 452 1358 -
496 1293 600 1372 eleiiae
620 1289 763 1370 fabrica,
788 1289 890 1358 astera
909 1315 973 1386 pto
996 1285 1220 1388 pauperibus,
1234 1291 1343 1386 tertia
1366 1314 1430 1385 pro
1452 1287 1682 1362 sustentatione
1707 1289 1981 1360 canonicorum:

497 1394 533 1468 dt
548 1391 684 1490 quidem
696 1411 760 1484 pro
774 1379 901 1457 fabrico
917 1383 1066 1458 Ecclesia
1078 1386 1261 1485 providere
1281 1409 1322 1458 eo
1339 1387 1444 1478 magis
1466 1381 1531 1457 suit
1545 1379 1758 1457 necessatium
1768 1433 1777 1466 ,
1811 1406 1888 1454 cum
1908 1407 1982 1454 non
2054 1431 2055 1436 η

496 1489 606 1565 solum
621 1487 713 1559 omni
727 1507 798 1553 avo
812 1482 854 1553 de
869 1483 1004 1582 templis
1023 1479 1165 1556 &rebus
1181 1483 1221 1554 ad
1234 1481 1361 1554 cultum
1379 1483 1528 1554 divinum
1545 1477 1728 1554 necessariis
1745 1477 1985 1578 prospexerint

494 1593 664 1664 canones,
679 1585 717 1669 b)
743 1577 799 1651 sed
814 1577 847 1650 dt
864 1580 992 1652 Saeculo
1004 1583 1063 1654 XI.
1079 1579 1111 1652 dt
1127 1577 1339 1678 sequentibus
1353 1577 1517 1662 Businca,
1535 1604 1610 1675 quae
1625 1601 1744 1671 magno
1757 1603 1796 1649 ex
1810 1599 1905 1675 parte
1920 1573 1982 1646 od·

475 1687 481 1692 ’
497 1685 567 1760 huc
582 1674 755 1778 supersunt
771 1699 867 1748 more
882 1677 1018 1773 quidem
1036 1677 1189 1770 gothico,
1205 1675 1260 1750 sed
1276 1674 1474 1766 tamensatis
1488 1673 1668 1772 splendide
1683 1673 1823 1746 condite
1837 1668 1984 1756 suerint,

386 1827 408 1842 -
498 1804 562 1854 nec
577 1804 643 1849 non
658 1773 828 1872 suppellex
843 1773 1062 1846 Ecclefiastict
1078 1799 1144 1870 pro
1161 1775 1251 1846 cultu
1264 1773 1377 1846 divino
1390 1771 1563 1856 destinata,
1595 1772 1627 1845 dt
1643 1775 1675 1844 in
1689 1769 1872 1844 Thesauris
1889 1769 1979 1840 mul·

438 1907 442 1914 ·
498 1901 610 1950 tarum
624 1868 843 1943 Ecclefiarum
855 1893 961 1965 usque
979 1873 1019 1941 ad
1036 1867 1205 1943 novissima
1228 1895 1381 1964 tempora
1396 1867 1585 1944 conservata
1600 1865 1747 1967 pretiosa
1767 1867 1843 1940 satis
1858 1860 2004 1949 ftterir‚'

496 1997 565 2073 pro
579 1991 723 2067 quorum
738 1969 889 2035 omnium
904 1964 1172 2058 conservatione,
1198 1966 1294 2041 uti&
1310 1991 1403 2049 cera,
1430 1967 1523 2049 olco,
1558 1991 1593 2037 ac
1617 1965 1776 2038 similibus
1799 1963 1887 2036 haud
1909 1965 1977 2035 exis

497 2071 575 2162 guis
591 2090 676 2162 opus
697 2059 762 2133 fuit
776 2059 943 2158 impensis.
958 2067 1002 2134 Π,
1020 2065 1053 2136 dr
1069 2061 1125 2135 sua
1140 2089 1275 2162 quoque
1290 2062 1497 2164 pauperibus
1511 2067 1633 2137 merito
1647 2059 1797 2156 assignato
1813 2059 1878 2136 fuit
1895 2085 1978 2158 por·

498 2167 569 2244 tia,
593 2165 733 2233 durante
751 2161 840 2228 enim
857 2158 965 2232 adhue
979 2165 1044 2236 vita
1056 2166 1242 2242 communi,
1273 2163 1351 2258 quit
1368 2159 1452 2231 bona
1471 2161 1681 2234 clericorum
1705 2159 1872 2256 superflua
1892 2155 1978 2231 sem·

498 2285 565 2358 per
581 2284 644 2357 pro
662 2257 756 2327 bonis
754 2279 957 2424 pauperum
972 2257 1083 2328 habitu
1097 2253 1189 2341 sunt,
1225 2256 1266 2329 stc
1284 2258 1380 2328 multi
1398 2257 1472 2328 laici
1489 2281 1654 2355 pauperes
1671 2255 1702 2328 dt
1720 2259 1889 2352 peregrini
1905 2253 1976 2340 sua,

496 2357 581 2435 ficut
594 2360 630 2430 in
645 2359 752 2428 Mona
782 2356 878 2437 eriis,
891 2356 937 2428 ita
953 2353 985 2427 u
1000 2357 1037 2426 in
1050 2353 1198 2428 claustris
1211 2356 1458 2438 canonicorum
1473 2379 1631 2452 accepere
1647 2355 1802 2427 alimenta
1817 2359 1849 2449 c)
1875 2353 1907 2426 u
1926 2356 1978 2521 ip·

1839 2521 1845 2530 ,
1958 2473 1978 2523 e

606 2623 735 2710 existere
765 2618 1002 2706 dignoscimur,
1024 2617 1065 2685 8?
1083 2619 1137 2684 ad·
1154 2619 1295 2704 Maiores
1322 2615 1460 2702 paripscs
1490 2619 1622 2682 minares
1638 2617 1809 2712 'gradatim
1835 2616 1975 2761 ‘few

606 2703 761 2790 consueuit
778 2705 885 2769 icini
892 2705 934 2786 fic
955 2702 1036 2787 qnod
1046 2700 1155 2786 senior
1169 2707 1203 2764 in
1223 2701 1328 2785 grado
1346 2703 1478 2764 minorat
1495 2701 1693 2764 autumnum
1710 2701 1888 2783 prnbrndas
1939 2719 1977 2764 a·

604 2788 705 2873 jorim
723 2788 916 2869 protendam
932 2794 1087 2849 cacanum
1106 2786 1256 2866 adoptare
1274 2782 1367 2867 potest
1385 2781 1546 2861 strumum
1566 2782 1806 2861 consuetudinem
1820 2782 1864 2845 ibi
1873 2781 1974 2847 taue-

607 2890 668 2933 nur
692 2868 891 2947 obseruatum.
944 2864 1171 2927 Multandum
1194 2865 1370 2927 accuratius
1391 2864 1472 2925 circa
1495 2864 1559 2927 hoc
1579 2878 1797 2945 argumentum
1823 2864 1974 2929 determi-

517 2948 522 2953 ’
606 2952 676 3013 nari
697 2949 751 3011 vel
771 2948 879 3011 saltent
909 2944 1052 3009 illustrari
1083 2943 1271 3028 potuissent.
1295 2942 1317 3007 st
1341 2944 1466 3025 antiqua
1496 2944 1703 3011 Ecclefiarutn
1731 2946 1840 3009 talium
1864 2946 1971 3029 quoad

566 3057 569 3062 ·
607 3030 754 3111 Capituli
771 3027 943 3092 clausarum
965 3025 1166 3103 Protocolle,
1188 3026 1223 3089 dt
1245 3026 1351 3089 Bullas
1375 3024 1564 3090 Pontificum
1579 3027 1632 3090 seu
1647 3026 1874 3111 Episcopotutn
1887 3048 1971 3091 con·

606 3109 799 3174 firmatorits
819 3108 954 3174 licuisset
976 3107 1144 3191 inspicere,
1167 3108 1284 3171 nuliam
1299 3127 1380 3171 vero
1392 3107 1487 3172 telem
1510 3108 1629 3171 Bullam
1652 3110 1918 3173 confirmatorium
1936 3112 1971 3178 in

606 3210 657 3254 arn
681 3191 817 3264 sissinio,
840 3191 1048 3273 qutaiaedolo
1062 3190 1213 3273 pervolui
1234 3208 1336 3253 rerum
1350 3188 1631 3255 Eccleficsticctotn
1643 3190 1893 3257 collectionibus
1912 3194 1971 3259 de·

604 3212 775 3355 medendi,
798 3292 858 3338 nec
876 3272 973 3337 ullius
993 3274 1086 3356 potui
1101 3273 1269 3355 impetrare
1292 3273 1428 3355 copiam.

526 3388 854 3475 c)lnplnrimiaenitn
863 3388 1968 3473 Ecclefiisctthedralibna,proutdidicintuaexueteribuamonumen·

605 3477 667 3545 tis,
689 3474 873 3555 plerumque
891 3474 956 3553 jam
975 3468 1229 3535 antecedentem
1246 3474 1345 3534 vitatu
1368 3491 1568 3535 communem
1589 3471 1642 3535 suo
1656 3474 1765 3556 portio
1780 3472 1844 3555 jam
1858 3484 1967 3538 extra·

604 3556 670 3619 dita
689 3568 757 3618 erat
780 3554 959 3637 Episcopo,
982 3555 1036 3635 qui
1065 3552 1233 3635 separatam
1254 3552 1337 3617 suom
1357 3554 1422 3634 jam
1447 3552 1637 3619 instruxerat
1667 3554 1817 3628 mensam,
1842 3558 1965 3637 dequo

603 3636 712 3718 supra,
733 3638 816 3699 unde
836 3639 869 3701 in
892 3636 1010 3699 nullam
1031 3635 1164 3719 emplius
1185 3637 1276 3698 venit
1294 3635 1458 3698 divisionis
1475 3645 1606 3719 partem.
1648 3636 1698 3699 Dc
1716 3648 1833 3701 caetero
1847 3640 1885 3701 de
1901 3640 1967 3702 hoc

503 3789 507 3799 ¹
603 3731 793 3798 argumento
816 3718 953 3782 conserti
981 3718 1075 3781 etium
1096 3715 1199 3799 potest
1219 3716 1313 3788 Jon.
1345 3715 1516 3783 Pium.
1548 3714 1809 3785 Servocrin
1831 3719 1905 3785 Diis.
1927 3722 1965 3784 dr

607 3798 738 3880 Origine
761 3800 908 3865 tommo
923 3796 1031 3883 mensa
1047 3797 1249 3882 Episcopalis.

528 3891 689 3999 siconi.
722 3933 812 3978 vnn
845 3912 989 3978 Esrrcu
1011 3914 1043 3979 in
1072 3910 1116 3997 ἑ).
1149 3910 1257 3999 Etrus.
1277 3916 1362 3979 uniu
1385 3912 1418 3980 P.
1440 3912 1482 3977 11.
1505 3912 1544 3981 T.
1571 3914 1621 3981 16.
1645 3937 1673 3981 c.
1693 3934 1724 4001 5.
1745 3938 1776 3984 n.
1801 3938 1829 3984 t.
1849 3918 1879 3983 se
1901 3920 1963 3985 ,dr

597 4017 641 4061 ex
658 3997 903 4079 protestantibus
930 3996 994 4058 hoc
1022 4009 1243 4079 argumentum
1267 4000 1440 4076 attigerunt
1465 3994 1492 4069 J.
1514 3996 1556 4061 H.
1576 3996 1798 4063 Bourtnan
1822 4003 1854 4065 in
1880 3940 1960 4068 siff.

596 4079 635 4143 de
648 4077 812 4161 sonffitute
840 4078 1046 4161 Ecclefinrnm.
1077 4076 1285 4141 Luucnnrt
1315 4081 1351 4141 de
1369 4074 1511 4158 &orions
1537 4080 1723 4157 templorum.
1754 4082 1961 4149 cirtica

537 4180 541 4186 ·
596 4162 636 4225 de
650 4156 740 4242 &ure
759 4158 904 4222 condendi
925 4160 1068 4241 Capillos.
1090 4157 1130 4225 si
1153 4160 1393 4223 damnant)
1415 4159 1452 4223 dr
1465 4158 1555 4243 &lura
1575 4162 1784 4246 Bnfilitantm.

530 4274 564 4361 c)
582 4272 622 4338 In
636 4276 743 4416 reputa
757 4272 878 4373 Curuo
888 4296 912 4337 c
921 4295 976 4337 ιιιι
985 4294 1035 4372 ⁰1.
1046 4296 1082 4372 c..
1093 4294 1145 4355 34
1161 4278 1270 4375 egitur
1280 4276 1319 4339 de
1332 4276 1566 4376 matriculariis,
1588 4281 1642 4363 qui
1657 4292 1746 4345 erant
1759 4302 1911 4367 pauperet
1925 4284 1958 4349 in

598 4356 664 4419 Ecc
678 4356 748 4418 cfiae
761 4356 926 4420 Matrrcula
941 4356 1103 4438 descripti,
1125 4368 1161 4418 ut
1177 4358 1292 4437 altqtnd
1308 4362 1425 4425 exinde
1441 4360 1478 4421 ad
1500 4360 1620 4425 vistutn
1641 4366 1836 4446 acciperent:
1870 4364 1906 4427 dt
1920 4366 1959 4429 il·

598 4436 640 4500 lis
654 4436 687 4498 in
705 4435 841 4499 Ecclesia
862 4436 993 4501 Metenst
1009 4456 1064 4520 per
1084 4436 1217 4501 mensem
1234 4440 1353 4504 duabus
1374 4443 1498 4505 vicibus
1523 4446 1560 4507 ad
1583 4446 1708 4511 tertiam
1723 4444 1910 4511 Lentonem
1922 4446 1958 4509 de

597 4514 840 4595 ututuoaen
866 4518 983 4591 iactatu
1005 4518 1205 4594 venientibus
1230 4520 1490 4603 diletibuehantut
1516 4547 1613 4613 ptuee
1632 4524 1666 4593 de
1689 4540 1811 4597 certum
1832 4530 1962 4678 puppupi

1915 4632 1928 4677 ι
