4509 5550
426 571 496 650 no
523 547 786 686 corrourio
812 571 1656 656 conustsocco.oonrcort1oo.oc.
1705 603 1780 682 217

296 749 585 849 Magdeburgenb
610 759 722 828 ebron.
748 758 905 850 Magne.
937 760 1013 830 edit.
1038 759 1194 831 Meibom.
1215 779 1245 854 p.
1272 769 1329 848 36.
1353 758 1427 830 aliis
1450 781 1562 832 tamen
1587 749 1778 834 reluslanti-

297 849 388 924 bus:
411 855 481 922 Sec.
510 879 568 946 ¹3·
591 851 633 924 de
648 861 746 926 Leone
765 853 933 952 Episcopo
949 853 1121 927 Ratisbon.
1139 859 1320 928 Hunnws
1341 861 1427 930 Tem.
1454 885 1484 929 r.
1506 881 1536 954 p.
1555 865 1634 946 136.
1654 856 1777 929 eodem

293 945 366 1021 sec.
392 957 512 1024 Semece
526 947 664 1022 celebris
680 951 739 1024 ille
756 955 855 1024 etiam
872 952 987 1048 ajuris
1001 955 1159 1026 Canonici
1168 976 1239 1026 mm
1247 951 1427 1035 obtinentis
1435 957 1557 1052 petitia
1573 979 1607 1027 et
1620 950 1777 1046 gloffisin

293 1049 485 1118 Decretum
495 1053 643 1120 Gratiani
655 1045 848 1146 conscriptis
858 1047 1066 1148 Praepofitus
1076 1047 1237 1123 Ecclesiae
1248 1049 1673 1127 CarhcdralisHalberslad.
1683 1053 1779 1142 igno-

295 1141 380 1220 bilis
392 1138 458 1214 fuit
468 1141 548 1217 telle
562 1149 747 1218 Hotuocc.
770 1153 803 1218 in
817 1153 934 1240 Antip,
959 1153 1082 1218 Gosler.
1106 1171 1138 1243 p.
1164 1174 1206 1238 ²5
1214 1173 1245 1240 3.
1267 1147 1357 1219 unde
1366 1147 1401 1218 id
1415 1145 1530 1221 saltem
1551 1147 1659 1221 clucet
1670 1151 1776 1220 civico

298 1264 426 1332 genere
440 1264 533 1314 ortos
547 1241 612 1316 hoc
628 1267 710 1314 aevo
724 1240 866 1316 necditm
882 1269 900 1314 a
915 1243 1114 1342 praebendis
1128 1242 1347 1316 Ecclebarum
1362 1245 1613 1320 cathedralium
1628 1243 1781 1320 exclusos

295 1333 416 1420 fuisse,
441 1363 518 1410 nam
534 1363 628 1417 antea
642 1363 853 1414 enumeratos
869 1364 969 1438 atque
985 1344 1102 1414 adeue
1125 1339 1235 1413 servili
1253 1344 1441 1440 propagine
1454 1338 1548 1414 fuisse
1565 1366 1778 1439 nequaquam

295 1431 484 1506 asseverare
502 1435 593 1510 vulo.
644 1436 747 1533 Qud
762 1461 873 1510 autem
889 1437 956 1510 dirii
971 1460 1064 1536 potet
1085 1438 1194 1510 adbuc
1214 1436 1351 1510 uberius
1366 1463 1404 1510 ex
1422 1463 1481 1520 eo,
1504 1440 1594 1534 quod
1610 1437 1709 1511 habet
1734 1443 1777 1511 L.

293 1533 339 1603 B.
366 1529 409 1604 de
423 1535 557 1607 Gutta
571 1552 660 1606 rsus
684 1539 769 1608 Tam.
804 1565 832 1608 r.
854 1559 886 1626 p.
914 1544 995 1620 605.
1042 1533 1278 1609 scholasticum
1297 1531 1459 1608 Ecclesiae
1478 1537 1701 1628 Mogontinae
1724 1561 1782 1606 an·
1883 1547 1888 1556 ‘

292 1654 346 1700 no
364 1654 468 1718 ¹249·
494 1655 673 1704 occurrere
699 1637 889 1706 Lndovirmn
906 1637 943 1704 de
967 1637 1109 1717 Colonia,
1141 1655 1264 1730 atque,
1290 1633 1340 1704 uti
1364 1635 1398 1702 lo
1420 1657 1498 1704 nota
1516 1630 1674 1728 subjicit,
1701 1633 1783 1705 civi·

293 1750 359 1798 eae
383 1729 522 1818 originis
544 1749 617 1800 tuot
638 1723 765 1822 signum
785 1725 906 1812 fuisse,
931 1725 954 1801 si
971 1754 1135 1822 agnomen
1157 1729 1209 1802 vel
1225 1756 1244 1801 a
1260 1728 1335 1800 loco
1348 1731 1527 1802 nativitatis
1549 1729 1602 1800 vel
1618 1724 1780 1823 Baptismi

281 1821 514 1918 Adjiceretur.
565 1829 645 1898 Hoc
662 1825 779 1898 eudem
800 1850 909 1898 tameo
928 1823 989 1898 sec.
1019 1855 1072 1920 ¹3·
1098 1825 1260 1923 paulatim
1275 1827 1402 1922 aliquas
1426 1829 1459 1896 io
1474 1824 1780 1898 GermaniaEccle·
1900 1835 1914 1844 “

274 1917 363 2006 ,ίίαε
382 1918 518 1994 noluisse
540 1921 741 2008 admittere,
762 1917 821 1996 nisi
840 1923 979 1994 militari
999 1926 1211 2018 propagine,
1234 1925 1283 1994 uti
1306 1947 1376 1994 tum
1401 1921 1587 2004 dicebatur,
1612 1920 1696 1993 satos
1710 1921 1780 1993 clu·
1804 1953 1818 1970 ·

293 2041 355 2092 cet
375 2043 412 2089 er
429 2028 498 2114 Gap.
527 2045 584 2106 37.
611 2025 649 2091 dc
668 2024 778 2092 Praei.
805 2021 895 2118 quod
913 2019 954 2090 de
969 2017 1111 2092 Ecclesia
1124 2017 1354 2112 Argentiocnfi
1368 2019 1537 2115 loquitur,
1550 2017 1607 2090 ubi
1620 2016 1782 2116 reprobat

296 2109 476 2198 Pontifex,
511 2114 602 2212 quod
617 2142 656 2189 ea
671 2115 813 2188 Ecclesia
828 2117 991 2210 ignobiles
1012 2123 1147 2214 quosvis
1163 2143 1180 2186 a
1195 2114 1259 2188 suis
1282 2115 1480 2212 praebendis
1499 2115 1673 2195 excludere
1687 2115 1780 2189 velit.

299 2215 360 2284 Ex
377 2210 436 2284 sec.
466 2237 519 2300 14.
546 2215 579 2284 in
600 2213 740 2286 Ecclesia
751 2215 956 2308 Moguntioa
979 2213 1169 2312 exemplum
1191 2215 1329 2284 omnino
1353 2214 1535 2284 notandum
1551 2212 1785 2307 exhibuijam·

298 2309 391 2380 duro
402 2313 437 2379 iu
454 2315 545 2382 Petro
565 2309 719 2384 Eleilore
733 2315 955 2404 Moguorioo,
981 2311 1023 2384 de
1039 2337 1106 2407 quo
1121 2315 1198 2384 vide
1217 2313 1509 2399 enimedvmfiment
1530 2335 1627 2382 mem
1645 2315 1731 2382 Tem.
1748 2335 1783 2382 ι.

304 2407 458 2494 Thesauri
481 2411 568 2499 settim
579 2431 609 2504 p.
635 2436 718 2502 555.
751 2408 810 2482 ubi
831 2411 976 2482 variaex
999 2407 1102 2480 celeb.
1130 2415 1403 2480 denwolrc
1433 2413 1519 2479 Totn.
1544 2435 1574 2479 e.
1593 2408 1710 2496 solsse.
1737 2408 1786 2476 eli·
1913 2397 1923 2408 ⁸

300 2509 434 2598 planet.
456 2506 543 2576 eirca
560 2505 703 2576 eundem
719 2509 853 2578 notavi:
879 2505 997 2579 eodem
1015 2503 1079 2578 sec·
1105 2529 1160 2594 14.
1186 2505 1228 2576 de
1241 2507 1418 2577 Burebendt
1437 2510 1537 2576 Gnesie
1553 2494 1786 2669 ArchiEpisc.

300 2597 476 2673 Bremensi
502 2599 613 2674 scribit
636 2607 918 2675 woooruus.
932 2609 963 2674 ia
981 2605 1091 2673 Cleon.
1116 2608 1220 2672 Bnem.
1245 2604 1320 2671 edit.
1346 2603 1502 2674 Meiiom.
1524 2623 1553 2695 p.
1580 2613 1638 2676 6⁴.
1660 2600 1696 2696 ip
1713 2623 1731 2670 e
1749 2622 1787 2670 e·
1919 2591 1925 2608 '

300 2700 384 2768 'nim
394 2697 457 2790 'fuit
470 2703 553 2771 bomo
567 2704 668 2797 pulcer
682 2720 714 2773 et
726 2707 869 2775 lineretur
883 2720 914 2773 et
926 2702 1020 2783 bonae
1031 2703 1121 2773 virae
1136 2698 1228 2768 notin
1242 2700 1279 2767 de
1293 2702 1433 2768 civitate
1453 2695 1609 2784 Bremenst
1621 2699 1659 2766 de
1674 2699 1787 2770 deotri-

298 2798 667 2887 supernominabilis
685 2803 751 2894 plot
772 2804 917 2883 virtute,
944 2822 1033 2891 qoem
1046 2798 1230 2892 perentibus.
1268 2793 1462 2961 Capitulum
1481 2790 1644 2865 Ecclesiae
1664 2791 1787 2865 carhe-

302 2892 415 2965 dralla
431 2892 704 2968 Puderborneolis
714 2891 1044 2969 inRemoostratiooe
1059 2890 1205 2965 exhibita
1220 2894 1314 2964 cmo
1328 2888 1437 2962 oscensi
1453 2889 1544 2988 apud
1554 2893 1576 2961 S
1586 2906 1787 2966 cunonem.

308 2996 631 3073 dunelmensem.
655 3000 695 3067 L.
727 3007 779 3065 ro.
802 2994 1105 3085 od'aonum1434.·
1127 2989 1163 3061 id
1186 3012 1314 3060 tantum
1335 2984 1462 3069 asserit,
1486 2992 1564 3059 NB.
1577 2994 1604 3058 'a
1618 3006 1787 3101 contempt

303 3095 403 3163 ultre
416 3096 500 3163 annis
514 3096 546 3163 in
560 3117 596 3161 ee
613 3092 742 3181 Ecclefia
755 3114 812 3161 non
828 3096 934 3182 recipi,
951 3090 1055 3177 nissfit
1068 3094 1105 3159 de
1119 3094 1274 3160 Beronum
1290 3105 1345 3159 ortt
1360 3088 1451 3158 nobili
1464 3108 1522 3157 ant
1531 3088 1641 3176 letltm
1657 3088 1696 3155 cle
1709 3088 1790 3155 meli·

303 3192 381 3263 tert
390 3210 514 3280 genere,
538 3210 593 3259 etet
605 3194 684 3260 alies
707 3194 821 3259 Dente
834 3191 890 3259 vel
905 3190 1093 3257 Licentiatus
1115 3190 1146 3254 in
1164 3190 1247 3284 June
1268 3188 1413 3256 canonico
1434 3188 1491 3257 vel
1510 3187 1597 3255 civili
1606 3182 1660 3273 leva
1673 3184 1790 3275 Magi·

295 3286 378 3383 fler
391 3291 420 3355 in
438 3288 609 3381 Theologie.
658 3290 717 3360 Ne
738 3280 799 3357 sec.
817 3282 953 3381 quidem
971 3308 1023 3371 ις.
1049 3275 1164 3379 passim
1183 3280 1292 3353 adhuc
1306 3278 1468 3373 ignobiles
1486 3277 1676 3375 prohibitos
1690 3272 1788 3352 fuisse

302 3403 410 3482 patet
427 3384 559 3473 exiis,
576 3405 661 3478 quae
683 3378 782 3454 babet
804 3384 1022 3471 Steunen-
1040 3386 1071 3451 in
1096 3379 1166 3468 Olfi
1192 3384 1268 3479 Jor.
1293 3400 1325 3450 et
1342 3378 1456 3467 Hisce.
1487 3384 1634 3447 German.
1657 3374 1729 3467 obs.
1759 3393 1794 3446 et
1928 3380 1936 3394 ‘

303 3476 376 3553 ubi
391 3504 427 3549 er
443 3485 585 3551 Chronico
602 3478 677 3567 Ms.
696 3486 825 3567 Renneri
839 3478 927 3575 apud
947 3480 1161 3550 Mcslrardnm
1181 3481 1212 3546 in
1227 3480 1428 3547 monumentis
1442 3474 1609 3547 nobilitatis
1624 3471 1793 3561 Bremenfie

306 3594 352 3651 et
372 3580 528 3663 Venienss
547 3578 581 3649 id
602 3581 648 3647 ait
668 3578 703 3648 in
724 3574 864 3649 Ecclesia
884 3572 1050 3647 Bremenst
1073 3570 1198 3645 fadum
1223 3572 1264 3643 ad
1293 3592 1415 3643 annum
1442 3594 1546 3661 ¹511·
1570 3596 1592 3641 a
1613 3574 1737 3669 Jornne
1753 3572 1793 3641 de

308 3676 423 3751 Rome
436 3670 758 3772 Archi-Episcopo:
785 3676 864 3745 item
881 3673 922 3743 ad
937 3698 1057 3744 antrum
1086 3695 1188 3762 ¹504·
1215 3672 1324 3765 inquit
1338 3672 1373 3739 io
1391 3667 1598 3739 documentis
1613 3666 1722 3737 adbuc
1736 3688 1793 3737 oc·

310 3796 456 3846 currere
472 3775 505 3842 in
527 3770 668 3844 Ecclesia
687 3770 877 3844 Cathedrali
893 3766 1175 3843 Hildesheimensi
1192 3769 1378 3841 Canonicos
1392 3763 1576 3858 ignobiles,
1607 3786 1717 3859 neque
1731 3784 1793 3833 eos

314 3866 477 3963 gradibus
493 3872 700 3943 Academicis
716 3866 909 3961 insignitos:
935 3892 969 3939 et
991 3871 1024 3937 in
1042 3868 1220 3960 Defenfiem
1243 3869 1356 3955 ionium
1377 3866 1509 3957 capitali
1531 3868 1563 3936 S.
1588 3866 1735 3935 Andreae
1758 3857 1796 3931 id

314 3962 473 4038 asseritur
493 3970 527 4037 io
549 3965 609 4038 usu
630 3963 724 4039 fuisse
742 3990 848 4061 utque
870 3966 910 4037 ad
935 3988 1056 4035 annum
1081 3970 1434 4055 1573.nnnoautem
1465 3988 1478 4031 ι
1490 3982 1568 4052 5²7·
1592 3979 1692 4054 utque
1708 3955 1795 4027 adeo

314 4064 534 4153 Baltbefitrem
556 4068 721 4139 Mencblr'n
741 4064 943 4161 Episcopum
965 4064 1072 4131 Prioci
1101 4084 1154 4131 em
1183 4053 1509 4131 Hildesbeimeos'ent
1530 4052 1698 4137 obscuro,
1736 4049 1795 4126 sed

315 4158 460 4235 honeslo
474 4186 583 4235 tamen
607 4162 681 4235 loco
697 4184 813 4233 notum
832 4157 926 4233 fuisse
940 4158 1028 4231 idem
1049 4085 1202 4229 affirmet.
1230 4157 1271 4229 L.
1291 4164 1330 4229 B.
1356 4157 1631 4227 &Gon-uuus
1659 4155 1797 4224 Teme.

313 4284 350 4359 p.
373 4287 452 4340 771·
479 4260 522 4331 dc
534 4262 669 4331 Vitatis
682 4264 715 4333 S.
737 4253 842 4331 Afrae
857 4262 891 4329 io
904 4254 1168 4353 Metropolitum
1181 4256 1384 4349 Moguntioa
1405 4261 1451 4323 ita
1466 4253 1535 4323 ait:
1564 4258 1640 4321 cnm
1653 4272 1711 4321 nen
1730 4249 1802 4344 (tep-

315 4376 428 4454 petent
442 4362 523 4438 elie,
547 4358 653 4443 (erstem
671 4362 724 4429 bec
741 4380 883 4453 apponere
903 4360 1013 4435 otini,
1041 4358 1173 4445 qualiter
1190 4352 1346 4445 permiscent
1367 4354 1403 4419 eie
1424 4374 1460 4421 er
1476 4350 1576 4443 fcerit
1597 4371 1674 4419 enm
1696 4373 1708 4417 r
1716 4372 1736 4429 5
1742 4371 1801 4433 3⁰·

317 4480 374 4553 per
388 4463 544 4526 Decretum
559 4458 712 4553 senonem
726 4458 762 4527 eb
776 4454 947 4545 filtrenbeeg
959 4454 1074 4548 jodoco
1094 4451 1293 4541 Hotfrldero,
1317 4452 1369 4540 qui
1383 4450 1517 4539 deinceps
1530 4452 1655 4517 vittate
1666 4444 1741 4533 sae,
1755 4449 1802 4513 in·

318 4550 437 4646 dustria
457 4572 488 4622 er
505 4553 652 4627 leberidas
665 4556 707 4629 ed
722 4555 926 4653 Epise'opatum
941 4548 1139 4641 Liiletensem
1147 4593 1161 4635 ,
1186 4552 1234 4619 eni
1249 4551 1386 4644 dignius
1398 4546 1545 4624 adlatret
1560 4549 1596 4621 S·
1609 4548 1651 4617 R·
1663 4546 1694 4618 Ι.
1706 4544 1802 4655 Ptine

378 4644 504 4729 Tomi&
539 4644 611 4731 Ill·
1166 4644 1195 4719 E
1226 4668 1246 4725 ς
1502 4754 1506 4760 ι
1729 4658 1803 4733 “pu
