4509 5550
331 651 399 686 .,
529 584 602 680 672
693 689 697 696 ¹
776 551 1572 696 Amntssattrs'rto·

531 763 759 930 llllpssmom
786 731 1027 850 exercnentor,
1053 753 1145 851 quod
1160 753 1281 869 deinde
1303 760 1533 859 Mnesteus
1553 724 1717 852 eremplla
1729 749 1890 854 pluribus
1913 751 2007 828 allatis

578 884 598 930 u
627 880 689 930 rat.
1054 886 1058 900 ·
1852 895 1857 903 ›

594 1021 597 1026 Ι
658 1053 698 1126 ld
713 1051 804 1151 quod
820 1071 913 1122 tanto
928 1071 1046 1122 conatu
1060 1007 1282 1123 Proteslantes
1297 1048 1339 1120 de
1357 1046 1491 1146 juribus
1510 1046 1739 1140 collegialibus
1759 1045 1868 1120 ltodie
1889 1067 2013 1140 urgent,

451 1173 453 1180 '
542 1155 590 1224 itt
603 1150 645 1222 de
655 1157 738 1250 Jnre
754 1153 840 1220 circa
856 1145 944 1218 sacra
962 1155 994 1220 in
1013 1147 1120 1245 specie
1137 1149 1306 1221 convellit.
1336 1153 1370 1230 t)
1384 1159 1440 1219 -Αιι
1456 1151 1645 1245 primaevae
1661 1144 1932 1220 Christianorum
1940 1169 2014 1214 com·

437 1331 441 1346 Ι
542 1253 722 1321 munitates
738 1247 793 1317 illa
807 1245 881 1340 jura
898 1251 1121 1329 exercuerint,
1137 1268 1224 1342 quae
1240 1245 1341 1317 hodie
1356 1250 1445 1316 inter
1459 1245 1654 1335 Collegialia
1668 1272 1686 1314 a
1701 1241 1963 1314 Protcssantibus
1973 1265 2014 1312 re·

542 1342 721 1433 feruntur,
747 1348 834 1416 circa
848 1345 911 1416 hoc
926 1345 1083 1441 equidem
1099 1345 1196 1442 plura
1214 1333 1325 1415 adhuc
1336 1347 1460 1414 incerta
1475 1340 1538 1414 csse
1552 1366 1586 1412 et
1602 1339 1703 1413 dubia
1752 1343 1796 1434 2)
1813 1349 1871 1413 An
1886 1365 1923 1412 ea
1939 1337 2014 1409 habi

544 1465 640 1518 tutae
655 1439 890 1536 fuissentjura,
911 1436 1032 1538 'quodsi
1052 1447 1223 1538 Princtpes
1234 1441 1302 1537 jam
1317 1443 1453 1514 dumea
1474 1463 1628 1538 tempore
1643 1439 1859 1534 Religionem
1876 1435 2014 1511 Cltrislia

551 1565 629 1612 nant
666 1537 799 1612 fuissent
832 1541 1004 1636 amplexi,
1034 1543 1099 1613 hnc
1130 1541 1242 1611 denuo
1273 1539 1489 1610 determinari
1521 1565 1589 1609 non
1618 1535 1719 1634 posse.
1770 1540 1820 1630 3)
1851 1536 1951 1632 Qrod
1973 1537 2015 1604 he

500 1657 507 1692 ³
551 1663 629 1710 rum
655 1640 931 1732 communitatum
954 1661 1071 1710 norma
1093 1640 1266 1735 perpetuis
1285 1636 1496 1732 temporibus
1521 1637 1638 1709 eadem
1665 1630 1729 1706 esse
1755 1633 1934 1713 debuerit,
1969 1634 2015 1702 ite·

550 1757 625 1808 rato
651 1737 788 1834 probari
814 1747 880 1807 non
913 1715 1028 1832 possea
1072 1737 1136 1807 hoc
1168 1737 1305 1834 quidem
1337 1740 1373 1806 io
1395 1731 1471 1804 suia
1496 1721 1672 1829 principiis
1705 1736 1751 1803 ait
1787 1738 2015 1807 Mersus,

466 1871 471 1886 ·
551 1835 791 1906 incatholicis
813 1834 928 1904 itidem
950 1829 1063 1919 cesle,
1088 1831 1170 1906 liet
1192 1833 1464 1924 nonintelligaa,
1487 1855 1573 1928 quae
1594 1831 1761 1901 Catholici
1785 1833 1830 1901 in'
1846 1832 1908 1902 hac
1930 1847 2013 1899 mate·

549 1935 602 2004 tia
617 1955 656 2006 er
671 1929 744 2029 ipso
763 1935 845 2028 Jure
860 1932 974 2003 divino
998 1932 1160 2005 derivant.
1208 1935 1252 2022 4)
1266 1932 1392 2003 Multo
1408 1933 1518 2021 minus
1539 1931 1653 2024 pergit
1666 1931 1774 2001 evinci
1791 1925 1903 2026 psl'e,
1937 1917 2012 2022 quos

452 2115 461 2126 ι
550 2031 685 2196 ppitnne
696 2034 732 2100 in
750 2031 931 2102 Germania
950 2035 1204 2102 communitates
1222 2029 1428 2102 Clitislianae
1447 2027 1522 2122 jura
1542 2025 1746 2118 collegialit,
1780 2049 1887 2122 atque
1906 2023 2012 2117 aliquot

589 2126 672 2197 culis
692 2149 765 2199 ante
788 2121 1073 2200 Reformationem
1094 2131 1245 2202 omniurn
1268 2131 1406 2198 minime
1429 2128 1646 2197 exercuerint.
1685 2123 1811 2217 ‘Igitur
1837 2129 1875 2214 ς)
1896 2131 1944 2195 An
1965 2139 2013 2214 per

498 2289 502 2299 ,
550 2219 845 2294 Reformationem
860 2220 900 2290 ad
916 2218 1032 2295 siarum
1050 2227 1261 2322 primaevum
1276 2223 1389 2295 redire
1413 2223 1607 2302 debuerint,
1632 2244 1673 2293 eo
1693 2245 1804 2318 usque
1827 2218 1947 2293 ostendi
1959 2237 2011 2286 nor

554 2317 670 2418 posse,
697 2319 777 2390 dum
797 2315 954 2416 p'iimitua
973 2320 1089 2393 allatae
1109 2319 1170 2392 hac
1185 2323 1219 2391 in
1242 2322 1381 2392 materia
1404 2312 1615 2390 difficultates
1633 2309 1781 2400 litblatac
1808 2345 1878 2392 noo
1901 2314 2013 2388 factius

457 2445 463 2452 ·
560 2418 620 2512 ⁶.)
647 2425 700 2490 An
725 2420 979 2490 communitates
998 2415 1073 2517 posi
1095 2416 1383 2490 Reformationem
1408 2415 1708 2513 jurtejuscemodi
1731 2414 1793 2488 fibi
1817 2411 2013 2509 arrogarent?

558 2513 793 2614 Respondctur
813 2517 961 2587 minime.
996 2521 1050 2610 γ.)
1071 2525 1124 2588 An
1143 2522 1178 2586 in
1194 2522 1358 2589 Dominos
1374 2515 1592 2588 territoriales
1615 2517 1697 2586 ltaec
1717 2513 1792 2586 ‘ura
1813 2508 1954 2612 expresse
1970 2527 2013 2576 tut

558 2615 715 2711 explicite
727 2611 992 2716 transtulerunt?
1014 2613 1126 2685 denuo
1140 2617 1301 2707 negative.
1329 2615 1382 2701 8.)
1396 2621 1449 2685 An
1460 2609 1573 2685 saltem
1587 2615 1686 2685 tacite
1700 2538 1880 2685 secarunt?
1901 2634 1958 2680 non
1970 2605 2012 2674 ali·

524 2737 528 2744 ’
562 2733 616 2787 ter
631 2712 664 2783 id
681 2715 880 2783 Mosntto
897 2709 963 2783 dici
978 2707 1067 2809 posse
1082 2712 1231 2796 videtur,
1259 2733 1358 2807 atque
1372 2712 1408 2782 in
1422 2735 1463 2783 eo
1479 2708 1570 2783 sensu
1587 2737 1594 2779 ε
1622 2707 1738 2808 quodfi
1753 2703 2014 2808 patientetseras,

561 2830 650 2909 quae
665 2812 734 2901 agit
747 2812 932 2891 Dominus,
956 2813 1037 2906 quin
1054 2808 1095 2880 de
1109 2835 1150 2881 eo
1165 2832 1355 2905 quenquam
1372 2828 1430 2881 aut
1448 2812 1484 2880 in
1504 2808 1676 2881 confilium
1695 2808 1870 2891 adhibeat,
1891 2828 1943 2877 aut
1958 2802 2013 2896 ejas

563 2904 757 3005 consensum
770 2910 931 3004 exquirat.
957 2910 993 2996 9)
1010 2914 1062 2977 An
1079 2906 1215 2979 demum
1232 2911 1265 2993 in
1279 2905 1377 2978 sacris
1394 2904 1768 3008 superioritasStatuunt
1784 2902 2014 2979 Proteslanriuta

563 3003 665 3076 nullis
682 3004 844 3075 limitibus
862 3000 1137 3101 circumscripta?
1162 3003 1284 3099 Quoad
1297 3002 1528 3075 conscientiam
1545 3006 1591 3073 ait
1608 3008 1834 3077 Mosmtus
1851 3003 1890 3075 ab
1903 3005 1938 3072 iis
1954 3000 2015 3071 Deo

463 3140 464 3143 ¹
511 3187 513 3195 Α
565 3102 732 3175 tationem
749 3100 969 3183 reddendam,
989 3102 1099 3197 quoad
1123 3102 1296 3174 Caesarem
1317 3122 1352 3172 et
1365 3105 1555 3199 Imperium
1569 3106 1676 3193 Leges
1688 3104 1830 3199 Imperfi
1842 3098 1951 3173 violari
1963 3112 2014 3163 ono

419 3210 422 3220 '
565 3192 677 3295 polle,
703 3218 803 3293 atque
817 3195 878 3267 ubi
892 3193 988 3293 posit
1003 3195 1157 3295 specialia
1170 3197 1291 3281 adsnt,
1317 3192 1399 3271 haec
1414 3192 1551 3297 quoque
1570 3197 1772 3271 observanda
1798 3196 1871 3272 esse.
1929 3192 2014 3265 torn

565 3294 644 3367 dein
661 3292 815 3368 adversus
830 3298 981 3367 Sancta
992 3318 1172 3380 owwm,
1195 3300 1253 3393 qui
1268 3317 1370 3393 atque
1383 3298 1468 3369 adeo
1483 3298 1722 3392 indignatur'in
1741 3293 1925 3370 recensone
1942 3296 2015 3361 Pate·

564 3396 722 3465 ledianum
739 3398 830 3491 Jutis
848 3398 987 3464 canonici
1005 3396 1038 3462 P.
1056 3399 1088 3465 0
1099 3412 1373 3465 nsnnnusntt
1389 3391 1769 3495 Juristisdltliillittltetk
1780 3402 1865 3467 Tan.
1878 3422 1905 3463 r.
1916 3402 2013 3485 pant,

567 3487 659 3587 seqq.
685 3512 757 3562 tum
779 3490 1004 3579 Olerhausert,
1027 3512 1098 3561 tum
1118 3490 1300 3563 Catholicis
1325 3492 1420 3576 aliis,
1445 3493 1555 3589 quod,
1581 3494 1632 3563 uti
1653 3496 1780 3589 inquit,
1808 3490 1937 3589 systema
1953 3488 2013 3555 Tlo-

565 3611 731 3657 maranum
746 3590 809 3658 tori
826 3582 986 3658 Ecclesiae
1002 3587 1218 3679 Evangelicae
1232 3590 1422 3685 imputent,
1448 3594 1668 3662 Mosnttus
1688 3590 1931 3665 animadvertit,
1950 3602 2012 3678 prr

414 3712 421 3720 ·
568 3682 643 3755 bati
656 3682 748 3754 nulla
762 3688 890 3755 ratione
906 3680 1013 3781 posse,
1040 3685 1132 3781 quod
1146 3710 1217 3757 tum
1233 3687 1389 3784 plerique
1403 3690 1574 3783 Principes
1588 3685 1827 3772 Protesltntes,
1850 3710 1914 3759 tum
1928 3676 2014 3779 siecle·

470 3842 473 3851 ,
570 3778 654 3863 liae,
682 3804 753 3852 tum
767 3784 842 3877 JCri
858 3784 958 3853 etiarn
973 3798 1007 3853 et
1023 3782 1197 3877 Theolngi
1217 3782 1405 3856 doilrinam
1425 3808 1498 3857 cant
1522 3784 1689 3879 rejiciant,
1716 3787 1808 3883 quod
1828 3784 1963 3880 supreme
1974 3774 2011 3869 ju·

569 3878 725 3955 cisdittio
738 3875 957 3951 Ecclefiaslica
973 3902 1012 3950 ex
1030 3882 1115 3975 Jure
1137 3883 1299 3951 territorii
1318 3880 1487 3976 profluat:
1510 3884 1582 3954 imo
1606 3885 1792 3979 veroquod
1815 3882 1967 3971 Principes
1980 3892 2014 3939 ¹¹·

440 3982 444 3989 ’
571 3999 639 4071 que
654 3972 813 4049 Ecclelias
835 3979 988 4070 attineat,
1013 3980 1205 4049 neutricum
1221 3978 1357 4075 quidem
1379 3977 1437 4050 sbi
1459 3980 1649 4077 exemplum
1666 3979 1875 4077 perspeiium
1889 3971 1956 4049 esse:
1981 3966 2011 4035 dt

541 4150 547 4163 ,
573 4076 667 4175 JCtis
692 4070 800 4170 ipsum
821 4077 1122 4145 Mosttssnttutt
1144 4078 1349 4147 contrarium
1371 4072 1503 4156 testari,
1533 4100 1633 4173 atque
1649 4082 1884 4151 tartaron
1905 4060 2012 4142 duollll

576 4170 694 4261 sslnsll
710 4174 874 4248 academ.
890 4168 1021 4249 lichen
1041 4166 1134 4247 siber
1147 4178 1219 4247 Octo
1234 4168 1498 4265 Zilldlmredfi
1513 4198 1542 4267 ρ.
1559 4200 1616 4260 ²3·
1640 4174 1810 4247 hislotiam
1831 4172 2010 4269 quodammo-

574 4272 619 4342 do
632 4272 709 4342 novi
727 4266 907 4363 systematis
923 4266 1115 4361 Collegialis
1128 4292 1231 4352 texat,
1257 4266 1415 4352 asserere,
1442 4272 1533 4367 quod
1549 4293 1624 4342 ante
1638 4270 1693 4342 sua
1707 4294 1859 4369 tempora
1879 4265 1966 4362 aliqui
1976 4257 2011 4329 sn

573 4368 644 4439 lum
674 4390 779 4465 pauca
807 4364 968 4461 quaedam
995 4363 1131 4459 vesligia
1160 4360 1310 4463 primum
1338 4368 1624 4466 deprehenderint
1643 4366 1841 4442 discriminis
1862 4372 1938 4439 inter
1954 4359 2009 4453 jur!

574 4462 770 4555 Collegialia
792 4488 826 4534 et
848 4458 1063 4559 Majellatica.
1117 4465 1210 4556 Quid
1235 4490 1322 4538 nune
1341 4468 1477 4540 dentum
1499 4466 1542 4538 dc
1561 4489 1654 4539 tanto
1674 4466 1832 4543 conflislu
1852 4468 1929 4537 inter
1943 4457 2009 4527 tir⁰s

575 4558 815 4635 celeberrimos
830 4556 1086 4637 Procedantium
1106 4564 1142 4633 in
1161 4566 1301 4637 materia
1322 4566 1405 4638 tanti
1420 4566 1585 4639 momenti
1607 4565 1763 4663 inquiat?
1797 4566 1844 4641 nil
1864 4560 1941 4639 sane,
1965 4539 2009 4713 ’ἧς

1940 4668 1993 4747 qut
