<?xml version="1.0" encoding="UTF-8"?>
<!DOCTYPE html PUBLIC "-//W3C//DTD XHTML 1.0 Transitional//EN"
    "http://www.w3.org/TR/xhtml1/DTD/xhtml1-transitional.dtd">
<html xmlns="http://www.w3.org/1999/xhtml" xml:lang="en" lang="en">
 <head>
  <title>
</title>
<meta http-equiv="Content-Type" content="text/html;charset=utf-8" />
  <meta name='ocr-system' content='tesseract 3.04.00' />
  <meta name='ocr-capabilities' content='ocr_page ocr_carea ocr_par ocr_line ocrx_word'/>
</head>
<body>
  <div class='ocr_page' id='page_1' title='image "./thesavrvsivrise02schmgoog_0156.png"; bbox 0 0 4509 5550; ppageno 0'>
   <div class='ocr_carea' id='block_1_1' title="bbox 382 3085 398 3887">
    <p class='ocr_par' dir='ltr' id='par_1_1' title="bbox 382 3085 398 3887">
     <span class='ocr_line' id='line_1_1' title="bbox 382 3085 398 3887; baseline 0 0"><span class='ocrx_word' id='word_1_1' title='bbox 382 3085 398 3887; x_wconf 95' lang='lat' dir='ltr'> </span> 
     </span>
    </p>
   </div>
   <div class='ocr_carea' id='block_1_2' title="bbox 1054 663 1221 740">
    <p class='ocr_par' dir='ltr' id='par_1_2' title="bbox 1054 663 1221 740">
     <span class='ocr_line' id='line_1_2' title="bbox 1054 663 1221 740; baseline 0 -47"><span class='ocrx_word' id='word_1_2' title='bbox 1054 663 1221 740; x_wconf 66' lang='lat'>‚144</span> 
     </span>
    </p>
   </div>
   <div class='ocr_carea' id='block_1_3' title="bbox 1736 568 3303 734">
    <p class='ocr_par' dir='ltr' id='par_1_3' title="bbox 1736 568 3303 734">
     <span class='ocr_line' id='line_1_3' title="bbox 1736 568 3303 734; baseline -0.006 -23"><span class='ocrx_word' id='word_1_3' title='bbox 1736 682 1741 687; x_wconf 57' lang='lat'><em>„</em></span> <span class='ocrx_word' id='word_1_4' title='bbox 1797 611 2561 734; x_wconf 77' lang='lat' dir='ltr'>mstsle</span> <span class='ocrx_word' id='word_1_5' title='bbox 2663 568 3303 705; x_wconf 67' lang='lat' dir='ltr'>cANonicA</span> 
     </span>
    </p>
   </div>
   <div class='ocr_carea' id='block_1_4' title="bbox 1310 802 4124 3682">
    <p class='ocr_par' dir='ltr' id='par_1_4' title="bbox 1310 802 4124 3355">
     <span class='ocr_line' id='line_1_4' title="bbox 1311 802 4057 894; baseline -0.004 -14"><span class='ocrx_word' id='word_1_6' title='bbox 1311 824 1500 891; x_wconf 89' lang='lat' dir='ltr'>„tur‚</span> <span class='ocrx_word' id='word_1_7' title='bbox 1544 813 1609 877; x_wconf 90' lang='lat' dir='ltr'>in</span> <span class='ocrx_word' id='word_1_8' title='bbox 1639 811 1998 878; x_wconf 82' lang='lat' dir='ltr'>constitutis</span> <span class='ocrx_word' id='word_1_9' title='bbox 2022 818 2233 875; x_wconf 83' lang='lat' dir='ltr'>autem</span> <span class='ocrx_word' id='word_1_10' title='bbox 2263 810 2328 874; x_wconf 89' lang='lat' dir='ltr'>in</span> <span class='ocrx_word' id='word_1_11' title='bbox 2352 809 2784 894; x_wconf 86' lang='lat' dir='ltr'>personatibus</span> <span class='ocrx_word' id='word_1_12' title='bbox 2821 809 2925 874; x_wconf 89' lang='lat' dir='ltr'>seu</span> <span class='ocrx_word' id='word_1_13' title='bbox 2952 804 3308 891; x_wconf 87' lang='lat' dir='ltr'>praelaturis</span> <span class='ocrx_word' id='word_1_14' title='bbox 3331 805 3442 872; x_wconf 86' lang='lat' dir='ltr'>vel</span> <span class='ocrx_word' id='word_1_15' title='bbox 3468 803 3612 870; x_wconf 67' lang='grc' dir='ltr'>οδω</span> <span class='ocrx_word' id='word_1_16' title='bbox 3638 803 3714 868; x_wconf 87' lang='lat' dir='ltr'>ad</span> <span class='ocrx_word' id='word_1_17' title='bbox 3750 802 4057 869; x_wconf 79' lang='lat' dir='ltr'><strong>ordinem</strong></span> 
     </span>
     <span class='ocr_line' id='line_1_5' title="bbox 1310 889 4058 975; baseline -0.004 -15"><span class='ocrx_word' id='word_1_18' title='bbox 1310 897 1805 975; x_wconf 86' lang='lat' dir='ltr'>„sacerdotalem</span> <span class='ocrx_word' id='word_1_19' title='bbox 1834 896 2174 967; x_wconf 78' lang='lat' dir='ltr'>ordinatiS,</span> <span class='ocrx_word' id='word_1_20' title='bbox 2221 893 2332 957; x_wconf 88' lang='lat' dir='ltr'>vel</span> <span class='ocrx_word' id='word_1_21' title='bbox 2367 892 2475 974; x_wconf 89' lang='lat' dir='ltr'>qui</span> <span class='ocrx_word' id='word_1_22' title='bbox 2499 893 2650 955; x_wconf 88' lang='lat' dir='ltr'>alias</span> <span class='ocrx_word' id='word_1_23' title='bbox 2675 891 3032 974; x_wconf 79' lang='lat' dir='ltr'>Capitulum</span> <span class='ocrx_word' id='word_1_24' title='bbox 3068 891 3427 974; x_wconf 88' lang='lat' dir='ltr'>ubicunque</span> <span class='ocrx_word' id='word_1_25' title='bbox 3454 909 3564 973; x_wconf 89' lang='lat' dir='ltr'>per</span> <span class='ocrx_word' id='word_1_26' title='bbox 3584 907 3815 950; x_wconf 87' lang='lat' dir='ltr'>annum</span> <span class='ocrx_word' id='word_1_27' title='bbox 3846 889 4058 950; x_wconf 89' lang='lat' dir='ltr'>intra-</span> 
     </span>
     <span class='ocr_line' id='line_1_6' title="bbox 1311 970 4056 1061; baseline -0.005 -18"><span class='ocrx_word' id='word_1_28' title='bbox 1311 988 1630 1056; x_wconf 85' lang='lat' dir='ltr'>„verunt,</span> <span class='ocrx_word' id='word_1_29' title='bbox 1685 988 1761 1042; x_wconf 91' lang='lat' dir='ltr'>ut</span> <span class='ocrx_word' id='word_1_30' title='bbox 1807 978 2248 1061; x_wconf 72' lang='lat' dir='ltr'>praemittitur,</span> <span class='ocrx_word' id='word_1_31' title='bbox 2310 975 2785 1046; x_wconf 87' lang='lat' dir='ltr'>constituimus,</span> <span class='ocrx_word' id='word_1_32' title='bbox 2836 974 3011 1055; x_wconf 90' lang='lat' dir='ltr'>quod</span> <span class='ocrx_word' id='word_1_33' title='bbox 3050 972 3285 1054; x_wconf 88' lang='lat' dir='ltr'>absque</span> <span class='ocrx_word' id='word_1_34' title='bbox 3329 970 3704 1036; x_wconf 88' lang='lat' dir='ltr'>difficultate</span> <span class='ocrx_word' id='word_1_35' title='bbox 3741 970 4056 1051; x_wconf 89' lang='lat' dir='ltr'>qualibet,</span> 
     </span>
     <span class='ocr_line' id='line_1_7' title="bbox 1311 1052 4060 1142; baseline -0.005 -16"><span class='ocrx_word' id='word_1_36' title='bbox 1311 1083 1507 1140; x_wconf 85' lang='lat' dir='ltr'>„cum</span> <span class='ocrx_word' id='word_1_37' title='bbox 1544 1060 1879 1124; x_wconf 88' lang='lat' dir='ltr'>secundum</span> <span class='ocrx_word' id='word_1_38' title='bbox 1915 1055 2221 1142; x_wconf 75' lang='lat' dir='ltr'>praemifl‘a</span> <span class='ocrx_word' id='word_1_39' title='bbox 2261 1057 2412 1120; x_wconf 89' lang='lat' dir='ltr'>alias</span> <span class='ocrx_word' id='word_1_40' title='bbox 2446 1055 2826 1119; x_wconf 86' lang='lat' dir='ltr'>sufficienter</span> <span class='ocrx_word' id='word_1_41' title='bbox 2862 1056 3113 1138; x_wconf 90' lang='lat' dir='ltr'>probati</span> <span class='ocrx_word' id='word_1_42' title='bbox 3138 1052 3509 1140; x_wconf 60' lang='lat' dir='ltr'>noscantur2</span> <span class='ocrx_word' id='word_1_43' title='bbox 3568 1054 3644 1116; x_wconf 83' lang='lat' dir='ltr'>ad</span> <span class='ocrx_word' id='word_1_44' title='bbox 3681 1052 4060 1134; x_wconf 82' lang='lat' dir='ltr'><strong>Capitulum</strong></span> 
     </span>
     <span class='ocr_line' id='line_1_8' title="bbox 1313 1133 4059 1223; baseline -0.005 -16"><span class='ocrx_word' id='word_1_45' title='bbox 1313 1140 1732 1220; x_wconf 85' lang='lat' dir='ltr'>„cessantibus</span> <span class='ocrx_word' id='word_1_46' title='bbox 1762 1134 2230 1223; x_wconf 86' lang='lat' dir='ltr'>impedimentis</span> <span class='ocrx_word' id='word_1_47' title='bbox 2249 1140 2554 1222; x_wconf 73' lang='lat' dir='ltr'>legitimis</span> <span class='ocrx_word' id='word_1_48' title='bbox 2586 1137 2710 1200; x_wconf 88' lang='lat' dir='ltr'>fine</span> <span class='ocrx_word' id='word_1_49' title='bbox 2731 1136 3221 1222; x_wconf 69' lang='lat' dir='ltr'>pertrastatione</span> <span class='ocrx_word' id='word_1_50' title='bbox 3243 1138 3450 1220; x_wconf 86' lang='lat' dir='ltr'>aliqua</span> <span class='ocrx_word' id='word_1_51' title='bbox 3473 1133 3767 1218; x_wconf 78' lang='lat' dir='ltr'>requisiti,</span> <span class='ocrx_word' id='word_1_52' title='bbox 3784 1147 3858 1195; x_wconf 84' lang='lat' dir='ltr'>ut</span> <span class='ocrx_word' id='word_1_53' title='bbox 3888 1153 4059 1215; x_wconf 83' lang='lat' dir='ltr'>prae-</span> 
     </span>
     <span class='ocr_line' id='line_1_9' title="bbox 1315 1220 4057 1302; baseline -0.005 -13"><span class='ocrx_word' id='word_1_54' title='bbox 1315 1227 1631 1300; x_wconf 78' lang='lat' dir='ltr'>mittitur,</span> <span class='ocrx_word' id='word_1_55' title='bbox 1680 1224 2110 1289; x_wconf 77' lang='lat' dir='ltr'>admittantur.</span> <span class='ocrx_word' id='word_1_56' title='bbox 2209 1221 2392 1285; x_wconf 85' lang='lat' dir='ltr'>Licet</span> <span class='ocrx_word' id='word_1_57' title='bbox 2414 1232 2624 1283; x_wconf 85' lang='lat' dir='ltr'>autem</span> <span class='ocrx_word' id='word_1_58' title='bbox 2654 1221 2718 1282; x_wconf 90' lang='lat' dir='ltr'>in</span> <span class='ocrx_word' id='word_1_59' title='bbox 2756 1220 2964 1282; x_wconf 89' lang='lat' dir='ltr'>dando</span> <span class='ocrx_word' id='word_1_60' title='bbox 2992 1220 3098 1282; x_wconf 87' lang='lat' dir='ltr'>vel</span> <span class='ocrx_word' id='word_1_61' title='bbox 3119 1220 3483 1302; x_wconf 85' lang='lat' dir='ltr'>&#39;recipiendo</span> <span class='ocrx_word' id='word_1_62' title='bbox 3509 1230 3734 1281; x_wconf 87' lang='lat' dir='ltr'>taxum</span> <span class='ocrx_word' id='word_1_63' title='bbox 3796 1220 4057 1278; x_wconf 78' lang='lat' dir='ltr'>raeben-</span> 
     </span>
     <span class='ocr_line' id='line_1_10' title="bbox 1315 1300 4058 1386; baseline -0.004 -17"><span class='ocrx_word' id='word_1_64' title='bbox 1315 1307 1533 1370; x_wconf 88' lang='lat' dir='ltr'>darum</span> <span class='ocrx_word' id='word_1_65' title='bbox 1566 1307 1932 1369; x_wconf 84' lang='lat' dir='ltr'>vacantium</span> <span class='ocrx_word' id='word_1_66' title='bbox 1955 1308 2030 1368; x_wconf 89' lang='lat' dir='ltr'>ad</span> <span class='ocrx_word' id='word_1_67' title='bbox 2059 1323 2178 1367; x_wconf 88' lang='lat' dir='ltr'>nos</span> <span class='ocrx_word' id='word_1_68' title='bbox 2205 1305 2391 1386; x_wconf 88' lang='lat' dir='ltr'>optio</span> <span class='ocrx_word' id='word_1_69' title='bbox 2419 1303 2530 1366; x_wconf 87' lang='lat' dir='ltr'>vel</span> <span class='ocrx_word' id='word_1_70' title='bbox 2561 1301 2792 1366; x_wconf 69' lang='lat' dir='ltr'>elestio</span> <span class='ocrx_word' id='word_1_71' title='bbox 2826 1305 3030 1385; x_wconf 88' lang='lat' dir='ltr'>primo</span> <span class='ocrx_word' id='word_1_72' title='bbox 3065 1302 3145 1364; x_wconf 91' lang='lat' dir='ltr'>de</span> <span class='ocrx_word' id='word_1_73' title='bbox 3166 1300 3315 1374; x_wconf 89' lang='lat' dir='ltr'>Jure</span> <span class='ocrx_word' id='word_1_74' title='bbox 3335 1303 3646 1384; x_wconf 89' lang='lat' dir='ltr'>pertinere</span> <span class='ocrx_word' id='word_1_75' title='bbox 3665 1319 3750 1383; x_wconf 89' lang='lat' dir='ltr'>po</span> <span class='ocrx_word' id='word_1_76' title='bbox 3803 1308 3908 1371; x_wconf 84' lang='lat' dir='ltr'>et,</span> <span class='ocrx_word' id='word_1_77' title='bbox 3959 1308 4058 1360; x_wconf 86' lang='lat' dir='ltr'>ta-</span> 
     </span>
     <span class='ocr_line' id='line_1_11' title="bbox 1316 1380 4059 1470; baseline -0.004 -17"><span class='ocrx_word' id='word_1_78' title='bbox 1316 1408 1506 1466; x_wconf 82' lang='lat' dir='ltr'>„men</span> <span class='ocrx_word' id='word_1_79' title='bbox 1532 1408 1612 1450; x_wconf 89' lang='lat' dir='ltr'>ne</span> <span class='ocrx_word' id='word_1_80' title='bbox 1644 1391 1805 1452; x_wconf 86' lang='lat' dir='ltr'>circa</span> <span class='ocrx_word' id='word_1_81' title='bbox 1830 1384 2135 1470; x_wconf 79' lang='lat' dir='ltr'>praemifl&#39;a</span> <span class='ocrx_word' id='word_1_82' title='bbox 2172 1384 2430 1467; x_wconf 77' lang='lat' dir='ltr'>aliquod</span> <span class='ocrx_word' id='word_1_83' title='bbox 2470 1383 2857 1447; x_wconf 83' lang='lat' dir='ltr'>obstaculum</span> <span class='ocrx_word' id='word_1_84' title='bbox 2882 1386 3241 1467; x_wconf 78' lang='lat' dir='ltr'>ingeratur,</span> <span class='ocrx_word' id='word_1_85' title='bbox 3301 1384 3627 1447; x_wconf 87' lang='lat' dir='ltr'>statuimus</span> <span class='ocrx_word' id='word_1_86' title='bbox 3648 1425 3666 1456; x_wconf 92' lang='lat'><strong>,</strong></span> <span class='ocrx_word' id='word_1_87' title='bbox 3711 1380 3893 1463; x_wconf 87' lang='lat' dir='ltr'>quod</span> <span class='ocrx_word' id='word_1_88' title='bbox 3928 1381 4059 1442; x_wconf 80' lang='lat' dir='ltr'>line</span> 
     </span>
     <span class='ocr_line' id='line_1_12' title="bbox 1317 1463 4064 1552; baseline -0.003 -19"><span class='ocrx_word' id='word_1_89' title='bbox 1317 1471 1544 1547; x_wconf 88' lang='lat' dir='ltr'>„omni</span> <span class='ocrx_word' id='word_1_90' title='bbox 1576 1471 1843 1552; x_wconf 91' lang='lat' dir='ltr'>optione</span> <span class='ocrx_word' id='word_1_91' title='bbox 1875 1469 1985 1532; x_wconf 87' lang='lat' dir='ltr'>vel</span> <span class='ocrx_word' id='word_1_92' title='bbox 2009 1468 2324 1532; x_wconf 65' lang='lat' dir='ltr'>elestione</span> <span class='ocrx_word' id='word_1_93' title='bbox 2345 1479 2537 1530; x_wconf 86' lang='lat' dir='ltr'>taxus</span> <span class='ocrx_word' id='word_1_94' title='bbox 2569 1467 2872 1529; x_wconf 78' lang='lat' dir='ltr'>medietas</span> <span class='ocrx_word' id='word_1_95' title='bbox 2899 1464 3286 1549; x_wconf 73' lang='lat' dir='ltr'>praebendae,</span> <span class='ocrx_word' id='word_1_96' title='bbox 3329 1485 3472 1547; x_wconf 85' lang='lat' dir='ltr'>quae</span> <span class='ocrx_word' id='word_1_97' title='bbox 3491 1466 3861 1535; x_wconf 84' lang='lat' dir='ltr'>vacaverit,</span> <span class='ocrx_word' id='word_1_98' title='bbox 3914 1463 4064 1525; x_wconf 83' lang='lat' dir='ltr'>exi-</span> 
     </span>
     <span class='ocr_line' id='line_1_13' title="bbox 1317 1547 4057 1694; baseline -0.004 -79"><span class='ocrx_word' id='word_1_99' title='bbox 1317 1551 1530 1628; x_wconf 87' lang='lat' dir='ltr'>„stens</span> <span class='ocrx_word' id='word_1_100' title='bbox 1556 1551 1619 1614; x_wconf 92' lang='lat' dir='ltr'>in</span> <span class='ocrx_word' id='word_1_101' title='bbox 1647 1551 1937 1637; x_wconf 84' lang='lat' dir='ltr'>Corpore</span> <span class='ocrx_word' id='word_1_102' title='bbox 1958 1569 2081 1613; x_wconf 90' lang='lat' dir='ltr'>una</span> <span class='ocrx_word' id='word_1_103' title='bbox 2108 1570 2254 1612; x_wconf 89' lang='lat' dir='ltr'>cum</span> <span class='ocrx_word' id='word_1_104' title='bbox 2291 1548 2635 1632; x_wconf 77' lang='lat' dir='ltr'>praesentiis</span> <span class='ocrx_word' id='word_1_105' title='bbox 2664 1549 2739 1610; x_wconf 90' lang='lat' dir='ltr'>ad</span> <span class='ocrx_word' id='word_1_106' title='bbox 2788 1558 3154 1694; x_wconf 56' lang='lat' dir='ltr'>promotum</span> <span class='ocrx_word' id='word_1_107' title='bbox 3195 1549 3552 1631; x_wconf 84' lang='lat' dir='ltr'>perveniat,</span> <span class='ocrx_word' id='word_1_108' title='bbox 3609 1547 3851 1626; x_wconf 86' lang='lat' dir='ltr'>reliqua</span> <span class='ocrx_word' id='word_1_109' title='bbox 3889 1562 4057 1606; x_wconf 85' lang='lat' dir='ltr'>vero</span> 
     </span>
     <span class='ocr_line' id='line_1_14' title="bbox 1319 1627 4061 1715; baseline -0.003 -17"><span class='ocrx_word' id='word_1_110' title='bbox 1319 1634 1673 1712; x_wconf 74' lang='lat' dir='ltr'>„medietas</span> <span class='ocrx_word' id='word_1_111' title='bbox 1710 1634 1895 1696; x_wconf 88' lang='lat' dir='ltr'>nobis</span> <span class='ocrx_word' id='word_1_112' title='bbox 1933 1653 2051 1715; x_wconf 89' lang='lat' dir='ltr'>pro</span> <span class='ocrx_word' id='word_1_113' title='bbox 2098 1633 2277 1695; x_wconf 89' lang='lat' dir='ltr'>annis</span> <span class='ocrx_word' id='word_1_114' title='bbox 2297 1629 2687 1693; x_wconf 85' lang='lat' dir='ltr'>biennalibus</span> <span class='ocrx_word' id='word_1_115' title='bbox 2714 1649 2798 1691; x_wconf 86' lang='lat' dir='ltr'>ve</span> <span class='ocrx_word' id='word_1_116' title='bbox 2853 1629 3006 1693; x_wconf 86' lang='lat' dir='ltr'>alias</span> <span class='ocrx_word' id='word_1_117' title='bbox 3029 1674 3048 1704; x_wconf 85' lang='lat'><em>‚</em></span> <span class='ocrx_word' id='word_1_118' title='bbox 3073 1630 3181 1692; x_wconf 91' lang='lat' dir='ltr'>ubi</span> <span class='ocrx_word' id='word_1_119' title='bbox 3214 1630 3520 1696; x_wconf 87' lang='lat' dir='ltr'>beneficia</span> <span class='ocrx_word' id='word_1_120' title='bbox 3553 1630 3849 1692; x_wconf 86' lang='lat' dir='ltr'>vacantia</span> <span class='ocrx_word' id='word_1_121' title='bbox 3869 1627 4061 1689; x_wconf 88' lang='lat' dir='ltr'>cede·</span> 
     </span>
     <span class='ocr_line' id='line_1_15' title="bbox 1317 1710 4058 1796; baseline -0.003 -18"><span class='ocrx_word' id='word_1_122' title='bbox 1317 1733 1435 1792; x_wconf 89' lang='lat' dir='ltr'>„re</span> <span class='ocrx_word' id='word_1_123' title='bbox 1467 1716 1783 1780; x_wconf 86' lang='lat' dir='ltr'>debebunt</span> <span class='ocrx_word' id='word_1_124' title='bbox 1811 1759 1830 1790; x_wconf 88' lang='lat'><strong>,</strong></span> <span class='ocrx_word' id='word_1_125' title='bbox 1875 1716 2160 1794; x_wconf 80' lang='lat' dir='ltr'>legitime</span> <span class='ocrx_word' id='word_1_126' title='bbox 2187 1713 2570 1776; x_wconf 88' lang='lat' dir='ltr'>conferatur.</span> <span class='ocrx_word' id='word_1_127' title='bbox 2688 1710 3006 1778; x_wconf 86' lang='lat' dir='ltr'>Volumus</span> <span class='ocrx_word' id='word_1_128' title='bbox 3049 1723 3258 1775; x_wconf 84' lang='lat' dir='ltr'>autem</span> <span class='ocrx_word' id='word_1_129' title='bbox 3288 1753 3306 1784; x_wconf 89' lang='lat'><strong>,</strong></span> <span class='ocrx_word' id='word_1_130' title='bbox 3348 1712 3520 1796; x_wconf 88' lang='lat' dir='ltr'>quod</span> <span class='ocrx_word' id='word_1_131' title='bbox 3547 1710 4058 1793; x_wconf 82' lang='lat' dir='ltr'>quandocunque</span> 
     </span>
     <span class='ocr_line' id='line_1_16' title="bbox 1319 1793 4056 1879; baseline -0.002 -22"><span class='ocrx_word' id='word_1_132' title='bbox 1319 1795 1705 1875; x_wconf 84' lang='lat' dir='ltr'>„secundum</span> <span class='ocrx_word' id='word_1_133' title='bbox 1745 1793 2046 1878; x_wconf 80' lang='lat' dir='ltr'>praemifl‘a</span> <span class='ocrx_word' id='word_1_134' title='bbox 2085 1796 2263 1879; x_wconf 89' lang='lat' dir='ltr'>super</span> <span class='ocrx_word' id='word_1_135' title='bbox 2294 1805 2483 1856; x_wconf 83' lang='lat' dir='ltr'>aetate</span> <span class='ocrx_word' id='word_1_136' title='bbox 2516 1793 2773 1857; x_wconf 87' lang='lat' dir='ltr'>dubium</span> <span class='ocrx_word' id='word_1_137' title='bbox 2823 1796 2976 1858; x_wconf 90' lang='lat' dir='ltr'>oriri</span> <span class='ocrx_word' id='word_1_138' title='bbox 3001 1797 3391 1877; x_wconf 80' lang='lat' dir='ltr'>contigerit,</span> <span class='ocrx_word' id='word_1_139' title='bbox 3434 1793 3875 1857; x_wconf 85' lang='lat' dir='ltr'>deficientibus</span> <span class='ocrx_word' id='word_1_140' title='bbox 3914 1793 4056 1853; x_wconf 86' lang='lat' dir='ltr'>aliis</span> 
     </span>
     <span class='ocr_line' id='line_1_17' title="bbox 1323 1874 4058 1961; baseline -0.001 -22"><span class='ocrx_word' id='word_1_141' title='bbox 1323 1879 1854 1961; x_wconf 85' lang='lat' dir='ltr'>„probationibus</span> <span class='ocrx_word' id='word_1_142' title='bbox 1877 1922 1895 1953; x_wconf 92' lang='lat'><strong>,</strong></span> <span class='ocrx_word' id='word_1_143' title='bbox 1943 1878 2220 1961; x_wconf 86' lang='lat' dir='ltr'>superior</span> <span class='ocrx_word' id='word_1_144' title='bbox 2248 1875 2467 1939; x_wconf 87' lang='lat' dir='ltr'>habito</span> <span class='ocrx_word' id='word_1_145' title='bbox 2497 1874 2746 1949; x_wconf 90' lang='lat' dir='ltr'>Judicio</span> <span class='ocrx_word' id='word_1_146' title='bbox 2792 1875 2870 1938; x_wconf 90' lang='lat' dir='ltr'>de</span> <span class='ocrx_word' id='word_1_147' title='bbox 2905 1875 3154 1958; x_wconf 68' lang='lat' dir='ltr'>aspeftu</span> <span class='ocrx_word' id='word_1_148' title='bbox 3201 1878 3484 1959; x_wconf 89' lang='lat' dir='ltr'>promoti</span> <span class='ocrx_word' id='word_1_149' title='bbox 3513 1875 3697 1960; x_wconf 88' lang='lat' dir='ltr'>super</span> <span class='ocrx_word' id='word_1_150' title='bbox 3720 1874 4058 1958; x_wconf 87' lang='lat' dir='ltr'>probatio-</span> 
     </span>
     <span class='ocr_line' id='line_1_18' title="bbox 1320 1955 4060 2040; baseline -0.001 -19"><span class='ocrx_word' id='word_1_151' title='bbox 1320 1980 1453 2037; x_wconf 85' lang='lat' dir='ltr'>„ne</span> <span class='ocrx_word' id='word_1_152' title='bbox 1485 1960 1610 2023; x_wconf 82' lang='lat' dir='ltr'>suae</span> <span class='ocrx_word' id='word_1_153' title='bbox 1654 1963 1864 2024; x_wconf 84' lang='lat' dir='ltr'>aetatis</span> <span class='ocrx_word' id='word_1_154' title='bbox 1902 1958 1937 2033; x_wconf 89' lang='lat' dir='ltr'>J</span> <span class='ocrx_word' id='word_1_155' title='bbox 1943 1970 2334 2023; x_wconf 90' lang='lat' dir='ltr'>uramentum</span> <span class='ocrx_word' id='word_1_156' title='bbox 2363 1956 2474 2021; x_wconf 87' lang='lat' dir='ltr'>fibi</span> <span class='ocrx_word' id='word_1_157' title='bbox 2498 1955 2739 2020; x_wconf 86' lang='lat' dir='ltr'>deferre</span> <span class='ocrx_word' id='word_1_158' title='bbox 2780 1958 3031 2031; x_wconf 84' lang='lat' dir='ltr'>valeat,</span> <span class='ocrx_word' id='word_1_159' title='bbox 3070 1957 3138 2020; x_wconf 87' lang='lat'>&amp;</span> <span class='ocrx_word' id='word_1_160' title='bbox 3169 1958 3339 2040; x_wconf 89' lang='lat' dir='ltr'>quod</span> <span class='ocrx_word' id='word_1_161' title='bbox 3364 2001 3381 2031; x_wconf 84' lang='lat'>‚</span> <span class='ocrx_word' id='word_1_162' title='bbox 3420 1970 3493 2021; x_wconf 88' lang='lat' dir='ltr'>nt</span> <span class='ocrx_word' id='word_1_163' title='bbox 3515 1957 3598 2021; x_wconf 93' lang='lat' dir='ltr'>fic</span> <span class='ocrx_word' id='word_1_164' title='bbox 3632 1976 3742 2040; x_wconf 90' lang='lat' dir='ltr'>per</span> <span class='ocrx_word' id='word_1_165' title='bbox 3770 1957 4060 2019; x_wconf 86' lang='lat' dir='ltr'>delatum</span> 
     </span>
     <span class='ocr_line' id='line_1_19' title="bbox 1322 2038 4056 2126; baseline -0.001 -23"><span class='ocrx_word' id='word_1_166' title='bbox 1322 2040 1403 2120; x_wconf 85' lang='lat' dir='ltr'>„J</span> <span class='ocrx_word' id='word_1_167' title='bbox 1409 2053 1799 2105; x_wconf 89' lang='lat' dir='ltr'>uramentum</span> <span class='ocrx_word' id='word_1_168' title='bbox 1828 2042 1898 2105; x_wconf 73' lang='grc' dir='ltr'>δε</span> <span class='ocrx_word' id='word_1_169' title='bbox 1934 2059 2044 2126; x_wconf 90' lang='lat' dir='ltr'>per</span> <span class='ocrx_word' id='word_1_170' title='bbox 2071 2061 2214 2105; x_wconf 87' lang='lat' dir='ltr'>eum</span> <span class='ocrx_word' id='word_1_171' title='bbox 2237 2039 2577 2124; x_wconf 75' lang='lat' dir='ltr'>praestitum</span> <span class='ocrx_word' id='word_1_172' title='bbox 2605 2039 2936 2102; x_wconf 89' lang='lat' dir='ltr'>secundum</span> <span class='ocrx_word' id='word_1_173' title='bbox 2967 2041 3406 2104; x_wconf 89' lang='lat' dir='ltr'>credulitatem</span> <span class='ocrx_word' id='word_1_174' title='bbox 3435 2038 4056 2103; x_wconf 86' lang='lat' dir='ltr'>&amp;informationem</span> 
     </span>
     <span class='ocr_line' id='line_1_20' title="bbox 1322 2119 4056 2220; baseline -0.001 -36"><span class='ocrx_word' id='word_1_175' title='bbox 1322 2137 1699 2207; x_wconf 86' lang='lat' dir='ltr'>„parentum</span> <span class='ocrx_word' id='word_1_176' title='bbox 1728 2127 1790 2187; x_wconf 88' lang='lat' dir='ltr'>in</span> <span class='ocrx_word' id='word_1_177' title='bbox 1817 2124 1944 2188; x_wconf 87' lang='lat' dir='ltr'>hoc</span> <span class='ocrx_word' id='word_1_178' title='bbox 1979 2121 2121 2188; x_wconf 89' lang='lat' dir='ltr'>casu</span> <span class='ocrx_word' id='word_1_179' title='bbox 2148 2131 2304 2185; x_wconf 83' lang='lat' dir='ltr'>aetas</span> <span class='ocrx_word' id='word_1_180' title='bbox 2334 2120 2521 2220; x_wconf 74' lang='lat' dir='ltr'>ipsius</span> <span class='ocrx_word' id='word_1_181' title='bbox 2541 2120 2882 2185; x_wconf 84' lang='lat' dir='ltr'>efficaciter</span> <span class='ocrx_word' id='word_1_182' title='bbox 2908 2122 3288 2207; x_wconf 85' lang='lat' dir='ltr'>fitprobata.</span> <span class='ocrx_word' id='word_1_183' title='bbox 3376 2119 3682 2185; x_wconf 81' lang='lat' dir='ltr'>Praemifl‘a</span> <span class='ocrx_word' id='word_1_184' title='bbox 3728 2130 3947 2184; x_wconf 86' lang='lat' dir='ltr'>autem</span> <span class='ocrx_word' id='word_1_185' title='bbox 3981 2138 4056 2182; x_wconf 91' lang='lat' dir='ltr'>o-</span> 
     </span>
     <span class='ocr_line' id='line_1_21' title="bbox 1324 2202 4056 2286; baseline -0.002 -20"><span class='ocrx_word' id='word_1_186' title='bbox 1324 2208 1543 2278; x_wconf 89' lang='lat' dir='ltr'>„mnia</span> <span class='ocrx_word' id='word_1_187' title='bbox 1573 2205 1641 2268; x_wconf 88' lang='lat'>&amp;</span> <span class='ocrx_word' id='word_1_188' title='bbox 1666 2205 1905 2286; x_wconf 80' lang='lat' dir='ltr'>lingula</span> <span class='ocrx_word' id='word_1_189' title='bbox 1929 2226 2016 2270; x_wconf 86' lang='lat' dir='ltr'>ex</span> <span class='ocrx_word' id='word_1_190' title='bbox 2039 2204 2236 2268; x_wconf 82' lang='lat' dir='ltr'>caulis</span> <span class='ocrx_word' id='word_1_191' title='bbox 2264 2203 2739 2266; x_wconf 74' lang='lat' dir='ltr'>rationabilibus</span> <span class='ocrx_word' id='word_1_192' title='bbox 2765 2202 2832 2265; x_wconf 76' lang='grc' dir='ltr'>δι</span> <span class='ocrx_word' id='word_1_193' title='bbox 2861 2204 3161 2284; x_wconf 88' lang='lat' dir='ltr'>legitimis</span> <span class='ocrx_word' id='word_1_194' title='bbox 3199 2204 3638 2269; x_wconf 86' lang='lat' dir='ltr'>constituimus</span> <span class='ocrx_word' id='word_1_195' title='bbox 3665 2224 3737 2266; x_wconf 88' lang='lat' dir='ltr'>ac</span> <span class='ocrx_word' id='word_1_196' title='bbox 3760 2221 3849 2266; x_wconf 84' lang='lat' dir='ltr'>ex</span> <span class='ocrx_word' id='word_1_197' title='bbox 3885 2212 4056 2265; x_wconf 81' lang='lat' dir='ltr'>certa</span> 
     </span>
     <span class='ocr_line' id='line_1_22' title="bbox 1321 2283 4057 2371; baseline -0.001 -23"><span class='ocrx_word' id='word_1_198' title='bbox 1321 2286 1625 2362; x_wconf 82' lang='lat' dir='ltr'>„scientia</span> <span class='ocrx_word' id='word_1_199' title='bbox 1666 2288 2030 2351; x_wconf 85' lang='lat' dir='ltr'>ordinamus</span> <span class='ocrx_word' id='word_1_200' title='bbox 2054 2331 2071 2360; x_wconf 91' lang='lat'><strong>‚</strong></span> <span class='ocrx_word' id='word_1_201' title='bbox 2111 2285 2405 2349; x_wconf 86' lang='lat' dir='ltr'>nolentes</span> <span class='ocrx_word' id='word_1_202' title='bbox 2434 2286 2912 2366; x_wconf 84' lang='lat' dir='ltr'>quibuscunque</span> <span class='ocrx_word' id='word_1_203' title='bbox 2947 2286 3225 2367; x_wconf 87' lang='lat' dir='ltr'>personis</span> <span class='ocrx_word' id='word_1_204' title='bbox 3252 2300 3477 2349; x_wconf 89' lang='lat' dir='ltr'>contra</span> <span class='ocrx_word' id='word_1_205' title='bbox 3500 2283 3800 2371; x_wconf 79' lang='lat' dir='ltr'>praemifl&#39;a</span> <span class='ocrx_word' id='word_1_206' title='bbox 3821 2285 4057 2349; x_wconf 82' lang='lat' dir='ltr'>statuta</span> 
     </span>
     <span class='ocr_line' id='line_1_23' title="bbox 1328 2355 4057 2452; baseline -0 -23"><span class='ocrx_word' id='word_1_207' title='bbox 1328 2364 1863 2443; x_wconf 81' lang='lat' dir='ltr'>„consuetudines</span> <span class='ocrx_word' id='word_1_208' title='bbox 1899 2369 2007 2432; x_wconf 89' lang='lat' dir='ltr'>vel</span> <span class='ocrx_word' id='word_1_209' title='bbox 2045 2355 2382 2452; x_wconf 54' lang='lat' dir='ltr'>pridilegia</span> <span class='ocrx_word' id='word_1_210' title='bbox 2428 2367 2530 2429; x_wconf 89' lang='lat' dir='ltr'>seu</span> <span class='ocrx_word' id='word_1_211' title='bbox 2565 2366 3022 2450; x_wconf 80' lang='lat' dir='ltr'>appellationes</span> <span class='ocrx_word' id='word_1_212' title='bbox 3077 2367 3183 2430; x_wconf 89' lang='lat' dir='ltr'>vel</span> <span class='ocrx_word' id='word_1_213' title='bbox 3215 2367 3479 2452; x_wconf 85' lang='lat' dir='ltr'>diffugia</span> <span class='ocrx_word' id='word_1_214' title='bbox 3510 2382 3910 2450; x_wconf 66' lang='lat' dir='ltr'>quaecunque</span> <span class='ocrx_word' id='word_1_215' title='bbox 3934 2365 4057 2429; x_wconf 88' lang='lat' dir='ltr'>Ec·</span> 
     </span>
     <span class='ocr_line' id='line_1_24' title="bbox 1325 2448 4055 2535; baseline -0.001 -23"><span class='ocrx_word' id='word_1_216' title='bbox 1325 2449 1692 2525; x_wconf 79' lang='lat' dir='ltr'>„clefiarum</span> <span class='ocrx_word' id='word_1_217' title='bbox 1738 2453 1848 2516; x_wconf 89' lang='lat' dir='ltr'>vel</span> <span class='ocrx_word' id='word_1_218' title='bbox 1878 2451 2277 2535; x_wconf 88' lang='lat' dir='ltr'>personarum</span> <span class='ocrx_word' id='word_1_219' title='bbox 2315 2453 2380 2512; x_wconf 88' lang='lat' dir='ltr'>in</span> <span class='ocrx_word' id='word_1_220' title='bbox 2422 2451 2636 2530; x_wconf 86' lang='lat' dir='ltr'>aliquo</span> <span class='ocrx_word' id='word_1_221' title='bbox 2666 2448 2981 2531; x_wconf 87' lang='lat' dir='ltr'>suffragari</span> <span class='ocrx_word' id='word_1_222' title='bbox 3011 2491 3030 2523; x_wconf 90' lang='lat'><strong>,</strong></span> <span class='ocrx_word' id='word_1_223' title='bbox 3070 2450 3310 2514; x_wconf 77' lang='lat' dir='ltr'>etiamn</span> <span class='ocrx_word' id='word_1_224' title='bbox 3339 2451 3583 2514; x_wconf 88' lang='lat' dir='ltr'>firmata</span> <span class='ocrx_word' id='word_1_225' title='bbox 3607 2448 3843 2513; x_wconf 87' lang='lat' dir='ltr'>fuerint</span> <span class='ocrx_word' id='word_1_226' title='bbox 3869 2449 4055 2522; x_wconf 88' lang='lat' dir='ltr'>Jura-</span> 
     </span>
     <span class='ocr_line' id='line_1_25' title="bbox 1327 2529 4060 2614; baseline -0.001 -21"><span class='ocrx_word' id='word_1_227' title='bbox 1327 2535 1643 2606; x_wconf 84' lang='lat' dir='ltr'>„mentis,</span> <span class='ocrx_word' id='word_1_228' title='bbox 1696 2551 1839 2614; x_wconf 88' lang='lat' dir='ltr'>quae</span> <span class='ocrx_word' id='word_1_229' title='bbox 1870 2545 2092 2596; x_wconf 88' lang='lat' dir='ltr'>contra</span> <span class='ocrx_word' id='word_1_230' title='bbox 2124 2529 2421 2614; x_wconf 72' lang='lat' dir='ltr'>praediEta</span> <span class='ocrx_word' id='word_1_231' title='bbox 2458 2531 2914 2594; x_wconf 81' lang='lat' dir='ltr'>rationabiliter</span> <span class='ocrx_word' id='word_1_232' title='bbox 2945 2530 3074 2613; x_wconf 83' lang='lat' dir='ltr'>jam</span> <span class='ocrx_word' id='word_1_233' title='bbox 3119 2531 3457 2598; x_wconf 88' lang='lat' dir='ltr'>constituta</span> <span class='ocrx_word' id='word_1_234' title='bbox 3481 2575 3500 2607; x_wconf 82' lang='lat'><strong>,</strong></span> <span class='ocrx_word' id='word_1_235' title='bbox 3542 2532 4060 2596; x_wconf 85' lang='lat' dir='ltr'>irrationabiliter</span> 
     </span>
     <span class='ocr_line' id='line_1_26' title="bbox 1328 2612 4059 2691; baseline -0.001 -15"><span class='ocrx_word' id='word_1_236' title='bbox 1328 2613 1679 2688; x_wconf 86' lang='lat' dir='ltr'>„videntur</span> <span class='ocrx_word' id='word_1_237' title='bbox 1726 2613 1849 2678; x_wconf 86' lang='lat' dir='ltr'>effe</span> <span class='ocrx_word' id='word_1_238' title='bbox 1883 2613 2184 2678; x_wconf 80' lang='lat' dir='ltr'>servanda</span> <span class='ocrx_word' id='word_1_239' title='bbox 2215 2657 2234 2690; x_wconf 82' lang='lat'><em>‚</em></span> <span class='ocrx_word' id='word_1_240' title='bbox 2273 2613 2341 2675; x_wconf 75' lang='grc' dir='ltr'>ὅτ</span> <span class='ocrx_word' id='word_1_241' title='bbox 2389 2614 2539 2677; x_wconf 88' lang='lat' dir='ltr'>ideo</span> <span class='ocrx_word' id='word_1_242' title='bbox 2575 2632 2654 2675; x_wconf 84' lang='lat' dir='ltr'>ea</span> <span class='ocrx_word' id='word_1_243' title='bbox 2693 2614 2950 2677; x_wconf 87' lang='lat' dir='ltr'>minime</span> <span class='ocrx_word' id='word_1_244' title='bbox 2987 2612 3216 2676; x_wconf 87' lang='lat' dir='ltr'>servari</span> <span class='ocrx_word' id='word_1_245' title='bbox 3253 2615 3639 2682; x_wconf 81' lang='lat' dir='ltr'>declaramus</span> <span class='ocrx_word' id='word_1_246' title='bbox 3663 2658 3683 2691; x_wconf 88' lang='lat'><strong>,</strong></span> <span class='ocrx_word' id='word_1_247' title='bbox 3726 2612 3793 2677; x_wconf 88' lang='lat'>&amp;</span> <span class='ocrx_word' id='word_1_248' title='bbox 3834 2614 4059 2678; x_wconf 89' lang='lat' dir='ltr'>eadem</span> 
     </span>
     <span class='ocr_line' id='line_1_27' title="bbox 1330 2694 4061 2780; baseline -0 -22"><span class='ocrx_word' id='word_1_249' title='bbox 1330 2695 1702 2770; x_wconf 85' lang='lat' dir='ltr'>,‚tollimus‚</span> <span class='ocrx_word' id='word_1_250' title='bbox 1740 2698 2137 2774; x_wconf 84' lang='lat' dir='ltr'>relaxamus,</span> <span class='ocrx_word' id='word_1_251' title='bbox 2178 2717 2253 2760; x_wconf 89' lang='lat' dir='ltr'>ac</span> <span class='ocrx_word' id='word_1_252' title='bbox 2285 2695 2568 2778; x_wconf 84' lang='lat' dir='ltr'>supereis</span> <span class='ocrx_word' id='word_1_253' title='bbox 2650 2694 3011 2758; x_wconf 82' lang='lat' dir='ltr'>raesentibus</span> <span class='ocrx_word' id='word_1_254' title='bbox 3043 2694 3479 2778; x_wconf 81' lang='lat' dir='ltr'>dispensamus.</span> <span class='ocrx_word' id='word_1_255' title='bbox 3565 2696 3929 2780; x_wconf 84' lang='lat' dir='ltr'>Capitulum</span> <span class='ocrx_word' id='word_1_256' title='bbox 3947 2715 4061 2757; x_wconf 83' lang='lat' dir='ltr'>ve·</span> 
     </span>
     <span class='ocr_line' id='line_1_28' title="bbox 1328 2715 4055 2863; baseline 0 -23"><span class='ocrx_word' id='word_1_257' title='bbox 1328 2797 1455 2852; x_wconf 80' lang='lat' dir='ltr'>„ro</span> <span class='ocrx_word' id='word_1_258' title='bbox 1473 2822 1491 2849; x_wconf 91' lang='lat'><strong>‚</strong></span> <span class='ocrx_word' id='word_1_259' title='bbox 1530 2781 1703 2862; x_wconf 91' lang='lat' dir='ltr'>quod</span> <span class='ocrx_word' id='word_1_260' title='bbox 1731 2791 1953 2844; x_wconf 74' lang='lat' dir='ltr'>eontra</span> <span class='ocrx_word' id='word_1_261' title='bbox 1979 2782 2142 2843; x_wconf 85' lang='lat' dir='ltr'>hanc</span> <span class='ocrx_word' id='word_1_262' title='bbox 2162 2779 2435 2841; x_wconf 86' lang='lat' dir='ltr'>nostram</span> <span class='ocrx_word' id='word_1_263' title='bbox 2476 2715 2994 2840; x_wconf 55' lang='lat' dir='ltr'>conssitutionem</span> <span class='ocrx_word' id='word_1_264' title='bbox 3019 2778 3352 2859; x_wconf 88' lang='lat' dir='ltr'>quicquam</span> <span class='ocrx_word' id='word_1_265' title='bbox 3378 2789 3687 2843; x_wconf 87' lang='lat' dir='ltr'>attentare</span> <span class='ocrx_word' id='word_1_266' title='bbox 3712 2779 4055 2863; x_wconf 84' lang='lat' dir='ltr'>praesump-</span> 
     </span>
     <span class='ocr_line' id='line_1_29' title="bbox 1330 2856 4060 2945; baseline -0 -23"><span class='ocrx_word' id='word_1_267' title='bbox 1330 2859 1525 2932; x_wconf 82' lang='lat' dir='ltr'>„serit</span> <span class='ocrx_word' id='word_1_268' title='bbox 1563 2881 1705 2925; x_wconf 88' lang='lat' dir='ltr'>cum</span> <span class='ocrx_word' id='word_1_269' title='bbox 1748 2860 1977 2927; x_wconf 71' lang='lat' dir='ltr'>effeEtu</span> <span class='ocrx_word' id='word_1_270' title='bbox 2007 2861 2414 2945; x_wconf 72' lang='lat' dir='ltr'>suspensionis</span> <span class='ocrx_word' id='word_1_271' title='bbox 2443 2859 2743 2922; x_wconf 88' lang='lat' dir='ltr'>sententia</span> <span class='ocrx_word' id='word_1_272' title='bbox 2776 2859 2835 2922; x_wconf 85' lang='lat' dir='ltr'>se</span> <span class='ocrx_word' id='word_1_273' title='bbox 2878 2856 3026 2922; x_wconf 87' lang='lat' dir='ltr'>sciat</span> <span class='ocrx_word' id='word_1_274' title='bbox 3063 2857 3327 2923; x_wconf 88' lang='lat' dir='ltr'>firmiter</span> <span class='ocrx_word' id='word_1_275' title='bbox 3361 2863 3750 2925; x_wconf 88' lang='lat' dir='ltr'>innodatum.</span> <span class='ocrx_word' id='word_1_276' title='bbox 3881 2860 4060 2923; x_wconf 91' lang='lat' dir='ltr'>Hanc</span> 
     </span>
     <span class='ocr_line' id='line_1_30' title="bbox 1331 2938 4056 3017; baseline 0 -14"><span class='ocrx_word' id='word_1_277' title='bbox 1331 2952 1592 3016; x_wconf 87' lang='lat' dir='ltr'>„autem</span> <span class='ocrx_word' id='word_1_278' title='bbox 1634 2943 1903 3006; x_wconf 84' lang='lat' dir='ltr'>nostram</span> <span class='ocrx_word' id='word_1_279' title='bbox 1937 2944 2454 3007; x_wconf 90' lang='lat' dir='ltr'>constitutionem</span> <span class='ocrx_word' id='word_1_280' title='bbox 2492 2958 2623 3002; x_wconf 89' lang='lat' dir='ltr'>non</span> <span class='ocrx_word' id='word_1_281' title='bbox 2665 2938 2863 3003; x_wconf 89' lang='lat' dir='ltr'>solum</span> <span class='ocrx_word' id='word_1_282' title='bbox 2906 2942 2981 3002; x_wconf 88' lang='lat' dir='ltr'>ad</span> <span class='ocrx_word' id='word_1_283' title='bbox 3025 2939 3235 3003; x_wconf 84' lang='lat' dir='ltr'>futura</span> <span class='ocrx_word' id='word_1_284' title='bbox 3269 2945 3533 3007; x_wconf 86' lang='lat' dir='ltr'>extendi</span> <span class='ocrx_word' id='word_1_285' title='bbox 3573 2943 3911 3017; x_wconf 84' lang='lat' dir='ltr'>nolumus,</span> <span class='ocrx_word' id='word_1_286' title='bbox 3961 2942 4056 3005; x_wconf 88' lang='lat' dir='ltr'>sed</span> 
     </span>
     <span class='ocr_line' id='line_1_31' title="bbox 1335 3022 4056 3109; baseline 0.001 -27"><span class='ocrx_word' id='word_1_287' title='bbox 1335 3022 1615 3096; x_wconf 77' lang='lat' dir='ltr'>„arffius</span> <span class='ocrx_word' id='word_1_288' title='bbox 1640 3026 1703 3087; x_wconf 88' lang='lat' dir='ltr'>in</span> <span class='ocrx_word' id='word_1_289' title='bbox 1740 3027 2238 3103; x_wconf 77' lang='lat' dir='ltr'>praecedentibus</span> <span class='ocrx_word' id='word_1_290' title='bbox 2263 3022 2623 3095; x_wconf 88' lang='lat' dir='ltr'>observari,</span> <span class='ocrx_word' id='word_1_291' title='bbox 2671 3043 2743 3084; x_wconf 91' lang='lat' dir='ltr'>ac</span> <span class='ocrx_word' id='word_1_292' title='bbox 2789 3023 2960 3104; x_wconf 89' lang='lat' dir='ltr'>quod</span> <span class='ocrx_word' id='word_1_293' title='bbox 3001 3025 3187 3085; x_wconf 89' lang='lat' dir='ltr'>nobis</span> <span class='ocrx_word' id='word_1_294' title='bbox 3224 3043 3354 3087; x_wconf 90' lang='lat' dir='ltr'>non</span> <span class='ocrx_word' id='word_1_295' title='bbox 3397 3025 3548 3088; x_wconf 88' lang='lat' dir='ltr'>licet</span> <span class='ocrx_word' id='word_1_296' title='bbox 3572 3026 3647 3086; x_wconf 89' lang='lat' dir='ltr'>ad</span> <span class='ocrx_word' id='word_1_297' title='bbox 3679 3024 3950 3109; x_wconf 78' lang='lat' dir='ltr'>praesens</span> <span class='ocrx_word' id='word_1_298' title='bbox 3994 3026 4056 3086; x_wconf 88' lang='lat' dir='ltr'>in</span> 
     </span>
     <span class='ocr_line' id='line_1_32' title="bbox 1335 3102 4056 3191; baseline 0 -26"><span class='ocrx_word' id='word_1_299' title='bbox 1335 3104 1806 3186; x_wconf 70' lang='lat' dir='ltr'>„praecipiendo</span> <span class='ocrx_word' id='word_1_300' title='bbox 1826 3107 1967 3185; x_wconf 81' lang='lat' dir='ltr'>jure</span> <span class='ocrx_word' id='word_1_301' title='bbox 2008 3105 2496 3191; x_wconf 88' lang='lat' dir='ltr'>Metropolitico</span> <span class='ocrx_word' id='word_1_302' title='bbox 2548 3102 2880 3180; x_wconf 85' lang='lat' dir='ltr'>Ecclefiis,</span> <span class='ocrx_word' id='word_1_303' title='bbox 2921 3104 2988 3167; x_wconf 76' lang='grc' dir='ltr'>δι</span> <span class='ocrx_word' id='word_1_304' title='bbox 3029 3105 3308 3188; x_wconf 90' lang='lat' dir='ltr'>personis</span> <span class='ocrx_word' id='word_1_305' title='bbox 3348 3126 3458 3189; x_wconf 89' lang='lat' dir='ltr'>per</span> <span class='ocrx_word' id='word_1_306' title='bbox 3486 3106 3758 3170; x_wconf 84' lang='lat' dir='ltr'>nostram</span> <span class='ocrx_word' id='word_1_307' title='bbox 3786 3107 4056 3190; x_wconf 85' lang='lat' dir='ltr'>provin-</span> 
     </span>
     <span class='ocr_line' id='line_1_33' title="bbox 1336 3186 4124 3270; baseline 0.001 -24"><span class='ocrx_word' id='word_1_308' title='bbox 1336 3187 1543 3260; x_wconf 88' lang='lat' dir='ltr'>„ciam</span> <span class='ocrx_word' id='word_1_309' title='bbox 1575 3187 1933 3253; x_wconf 88' lang='lat' dir='ltr'>constitutis</span> <span class='ocrx_word' id='word_1_310' title='bbox 1957 3233 1974 3262; x_wconf 90' lang='lat'><em>‚</em></span> <span class='ocrx_word' id='word_1_311' title='bbox 2021 3190 2151 3254; x_wconf 91' lang='lat' dir='ltr'>hoc</span> <span class='ocrx_word' id='word_1_312' title='bbox 2175 3192 2268 3253; x_wconf 89' lang='lat' dir='ltr'>eis</span> <span class='ocrx_word' id='word_1_313' title='bbox 2296 3187 2507 3250; x_wconf 89' lang='lat' dir='ltr'>saltem</span> <span class='ocrx_word' id='word_1_314' title='bbox 2530 3227 2549 3260; x_wconf 83' lang='lat'><strong>,</strong></span> <span class='ocrx_word' id='word_1_315' title='bbox 2591 3197 2665 3249; x_wconf 90' lang='lat' dir='ltr'>ut</span> <span class='ocrx_word' id='word_1_316' title='bbox 2702 3186 2889 3270; x_wconf 88' lang='lat' dir='ltr'>ipsam</span> <span class='ocrx_word' id='word_1_317' title='bbox 2924 3186 3442 3251; x_wconf 82' lang='lat' dir='ltr'>constitutionem</span> <span class='ocrx_word' id='word_1_318' title='bbox 3468 3190 3714 3252; x_wconf 89' lang='lat' dir='ltr'>ratione</span> <span class='ocrx_word' id='word_1_319' title='bbox 3736 3189 4053 3269; x_wconf 87' lang='lat' dir='ltr'>aequitatis</span> <span class='ocrx_word' id='word_1_320' title='bbox 4117 3248 4124 3264; x_wconf 84' lang='grc'>,</span> 
     </span>
     <span class='ocr_line' id='line_1_34' title="bbox 1337 3264 4058 3355; baseline 0.001 -27"><span class='ocrx_word' id='word_1_321' title='bbox 1337 3264 1451 3340; x_wconf 85' lang='lat'>„&amp;</span> <span class='ocrx_word' id='word_1_322' title='bbox 1474 3266 1508 3339; x_wconf 91' lang='lat' dir='ltr'>J</span> <span class='ocrx_word' id='word_1_323' title='bbox 1514 3268 1739 3332; x_wconf 81' lang='lat' dir='ltr'>ustitiae</span> <span class='ocrx_word' id='word_1_324' title='bbox 1764 3272 2102 3335; x_wconf 88' lang='lat' dir='ltr'>observent</span> <span class='ocrx_word' id='word_1_325' title='bbox 2124 3316 2141 3345; x_wconf 91' lang='lat'>‚</span> <span class='ocrx_word' id='word_1_326' title='bbox 2168 3271 2573 3355; x_wconf 74' lang='lat' dir='ltr'>praesentibus</span> <span class='ocrx_word' id='word_1_327' title='bbox 2598 3268 2966 3333; x_wconf 87' lang='lat' dir='ltr'>indicamus.</span> <span class='ocrx_word' id='word_1_328' title='bbox 3050 3269 3227 3353; x_wconf 86' lang='lat' dir='ltr'>Nulli</span> <span class='ocrx_word' id='word_1_329' title='bbox 3257 3288 3414 3353; x_wconf 86' lang='lat' dir='ltr'>ergo</span> <span class='ocrx_word' id='word_1_330' title='bbox 3440 3272 3705 3333; x_wconf 89' lang='lat' dir='ltr'>omnino</span> <span class='ocrx_word' id='word_1_331' title='bbox 3727 3269 4058 3333; x_wconf 89' lang='lat' dir='ltr'>hominum</span> 
     </span>
    </p>

    <p class='ocr_par' dir='ltr' id='par_1_5' title="bbox 1337 3349 4062 3682">
     <span class='ocr_line' id='line_1_35' title="bbox 1337 3349 4060 3436; baseline 0.001 -26"><span class='ocrx_word' id='word_1_332' title='bbox 1337 3349 1573 3422; x_wconf 84' lang='lat' dir='ltr'>„liceat</span> <span class='ocrx_word' id='word_1_333' title='bbox 1592 3349 1753 3414; x_wconf 90' lang='lat' dir='ltr'>hanc</span> <span class='ocrx_word' id='word_1_334' title='bbox 1785 3354 2146 3430; x_wconf 80' lang='lat' dir='ltr'>praesentem</span> <span class='ocrx_word' id='word_1_335' title='bbox 2176 3356 2468 3436; x_wconf 87' lang='lat' dir='ltr'>paginam</span> <span class='ocrx_word' id='word_1_336' title='bbox 2513 3350 2740 3413; x_wconf 86' lang='lat' dir='ltr'>nostrae</span> <span class='ocrx_word' id='word_1_337' title='bbox 2767 3351 3274 3419; x_wconf 80' lang='lat' dir='ltr'>constitutionis.</span> <span class='ocrx_word' id='word_1_338' title='bbox 3317 3351 3672 3415; x_wconf 86' lang='lat' dir='ltr'>voluntatis</span> <span class='ocrx_word' id='word_1_339' title='bbox 3699 3350 3768 3416; x_wconf 85' lang='lat'>&amp;</span> <span class='ocrx_word' id='word_1_340' title='bbox 3801 3350 4060 3435; x_wconf 79' lang='lat' dir='ltr'>dispoli-</span> 
     </span>
     <span class='ocr_line' id='line_1_36' title="bbox 1340 3432 4059 3516; baseline 0 -23"><span class='ocrx_word' id='word_1_341' title='bbox 1340 3432 1584 3503; x_wconf 85' lang='lat' dir='ltr'>„tionis</span> <span class='ocrx_word' id='word_1_342' title='bbox 1624 3433 1929 3514; x_wconf 86' lang='lat' dir='ltr'>legitimae</span> <span class='ocrx_word' id='word_1_343' title='bbox 1956 3434 2298 3516; x_wconf 86' lang='lat' dir='ltr'>infringere</span> <span class='ocrx_word' id='word_1_344' title='bbox 2344 3435 2452 3497; x_wconf 87' lang='lat' dir='ltr'>vel</span> <span class='ocrx_word' id='word_1_345' title='bbox 2484 3436 2544 3496; x_wconf 90' lang='lat' dir='ltr'>ei</span> <span class='ocrx_word' id='word_1_346' title='bbox 2576 3433 2721 3494; x_wconf 85' lang='lat' dir='ltr'>ausu</span> <span class='ocrx_word' id='word_1_347' title='bbox 2756 3435 3094 3498; x_wconf 88' lang='lat' dir='ltr'>temerario</span> <span class='ocrx_word' id='word_1_348' title='bbox 3137 3436 3486 3508; x_wconf 83' lang='lat' dir='ltr'>contraire3</span> <span class='ocrx_word' id='word_1_349' title='bbox 3526 3435 3810 3516; x_wconf 89' lang='lat' dir='ltr'>quisquis</span> <span class='ocrx_word' id='word_1_350' title='bbox 3850 3444 4059 3496; x_wconf 85' lang='lat' dir='ltr'>autem</span> 
     </span>
     <span class='ocr_line' id='line_1_37' title="bbox 1340 3511 4060 3599; baseline 0.001 -27"><span class='ocrx_word' id='word_1_351' title='bbox 1340 3511 1515 3586; x_wconf 81' lang='lat' dir='ltr'>„hoc</span> <span class='ocrx_word' id='word_1_352' title='bbox 1540 3523 1849 3577; x_wconf 87' lang='lat' dir='ltr'>attentare</span> <span class='ocrx_word' id='word_1_353' title='bbox 1880 3516 2136 3598; x_wconf 82' lang='lat' dir='ltr'>praesum</span> <span class='ocrx_word' id='word_1_354' title='bbox 2190 3517 2330 3580; x_wconf 89' lang='lat' dir='ltr'>serit</span> <span class='ocrx_word' id='word_1_355' title='bbox 2351 3560 2368 3591; x_wconf 87' lang='lat'><strong>,</strong></span> <span class='ocrx_word' id='word_1_356' title='bbox 2416 3516 2577 3578; x_wconf 90' lang='lat' dir='ltr'>ultra</span> <span class='ocrx_word' id='word_1_357' title='bbox 2648 3513 2905 3579; x_wconf 83' lang='lat' dir='ltr'>raemifl&#39;a</span> <span class='ocrx_word' id='word_1_358' title='bbox 2933 3516 3430 3599; x_wconf 84' lang='lat' dir='ltr'>indignationem</span> <span class='ocrx_word' id='word_1_359' title='bbox 3459 3518 3923 3598; x_wconf 89' lang='lat' dir='ltr'>omnipotentis</span> <span class='ocrx_word' id='word_1_360' title='bbox 3947 3515 4060 3577; x_wconf 90' lang='lat' dir='ltr'>Dei</span> 
     </span>
     <span class='ocr_line' id='line_1_38' title="bbox 1342 3593 4062 3682; baseline 0 -26"><span class='ocrx_word' id='word_1_361' title='bbox 1342 3593 1457 3667; x_wconf 84' lang='lat'>‚,&amp;</span> <span class='ocrx_word' id='word_1_362' title='bbox 1475 3596 1806 3659; x_wconf 89' lang='lat' dir='ltr'>beatorum</span> <span class='ocrx_word' id='word_1_363' title='bbox 1844 3596 2004 3661; x_wconf 90' lang='lat' dir='ltr'>Petri</span> <span class='ocrx_word' id='word_1_364' title='bbox 2038 3597 2105 3661; x_wconf 74' lang='grc' dir='ltr'>δι</span> <span class='ocrx_word' id='word_1_365' title='bbox 2197 3600 2326 3662; x_wconf 89' lang='lat' dir='ltr'>auli</span> <span class='ocrx_word' id='word_1_366' title='bbox 2347 3597 2591 3682; x_wconf 87' lang='lat' dir='ltr'>Aposto</span> <span class='ocrx_word' id='word_1_367' title='bbox 2621 3615 2802 3659; x_wconf 84' lang='lat' dir='ltr'>orum</span> <span class='ocrx_word' id='word_1_368' title='bbox 2841 3598 2980 3679; x_wconf 84' lang='lat' dir='ltr'>ejus</span> <span class='ocrx_word' id='word_1_369' title='bbox 3009 3620 3079 3660; x_wconf 90' lang='lat' dir='ltr'>ac</span> <span class='ocrx_word' id='word_1_370' title='bbox 3112 3598 3176 3662; x_wconf 85' lang='lat' dir='ltr'>S.</span> <span class='ocrx_word' id='word_1_371' title='bbox 3209 3598 3460 3661; x_wconf 87' lang='lat' dir='ltr'>Martini</span> <span class='ocrx_word' id='word_1_372' title='bbox 3494 3598 3689 3662; x_wconf 87' lang='lat' dir='ltr'>nostri</span> <span class='ocrx_word' id='word_1_373' title='bbox 3724 3597 3974 3660; x_wconf 87' lang='lat' dir='ltr'>Patroni</span> <span class='ocrx_word' id='word_1_374' title='bbox 4006 3596 4062 3657; x_wconf 91' lang='lat' dir='ltr'>se</span> 
     </span>
    </p>
   </div>
   <div class='ocr_carea' id='block_1_5' title="bbox 1340 3676 4062 3848">
    <p class='ocr_par' dir='ltr' id='par_1_6' title="bbox 1340 3676 4062 3848">
     <span class='ocr_line' id='line_1_39' title="bbox 1340 3676 4062 3748; baseline 0.002 -14"><span class='ocrx_word' id='word_1_375' title='bbox 1340 3680 1650 3747; x_wconf 84' lang='lat' dir='ltr'>„noverit</span> <span class='ocrx_word' id='word_1_376' title='bbox 1687 3680 2093 3745; x_wconf 88' lang='lat' dir='ltr'>incursurum.</span> <span class='ocrx_word' id='word_1_377' title='bbox 2194 3682 2428 3744; x_wconf 85' lang='lat' dir='ltr'>Datum</span> <span class='ocrx_word' id='word_1_378' title='bbox 2458 3678 2573 3743; x_wconf 90' lang='lat' dir='ltr'>XI.</span> <span class='ocrx_word' id='word_1_379' title='bbox 2607 3676 2749 3748; x_wconf 82' lang='lat' dir='ltr'>Kal.</span> <span class='ocrx_word' id='word_1_380' title='bbox 2797 3680 3161 3748; x_wconf 85' lang='lat' dir='ltr'>Decembris</span> <span class='ocrx_word' id='word_1_381' title='bbox 3210 3699 3380 3743; x_wconf 88' lang='lat' dir='ltr'>anno</span> <span class='ocrx_word' id='word_1_382' title='bbox 3426 3679 3688 3746; x_wconf 84' lang='lat' dir='ltr'>Domini</span> <span class='ocrx_word' id='word_1_383' title='bbox 3731 3678 4062 3744; x_wconf 85' lang='lat' dir='ltr'>Millefimo</span> 
     </span>
     <span class='ocr_line' id='line_1_40' title="bbox 1340 3756 2695 3848; baseline 0 -22"><span class='ocrx_word' id='word_1_384' title='bbox 1340 3756 1859 3831; x_wconf 65' lang='lat' dir='ltr'>„Trecentesimo</span> <span class='ocrx_word' id='word_1_385' title='bbox 1900 3762 2416 3848; x_wconf 73' lang='lat' dir='ltr'>quinquagesimo</span> <span class='ocrx_word' id='word_1_386' title='bbox 2449 3765 2695 3845; x_wconf 77' lang='lat' dir='ltr'>quinto·</span> 
     </span>
    </p>
   </div>
   <div class='ocr_carea' id='block_1_6' title="bbox 1204 3891 4059 3990">
    <p class='ocr_par' dir='ltr' id='par_1_7' title="bbox 1204 3891 4059 3990">
     <span class='ocr_line' id='line_1_41' title="bbox 1204 3891 4059 3990; baseline 0.002 -21"><span class='ocrx_word' id='word_1_387' title='bbox 1204 3902 1300 3980; x_wconf 57' lang='lat' dir='ltr'>Et,</span> <span class='ocrx_word' id='word_1_388' title='bbox 1327 3905 1519 3990; x_wconf 83' lang='lat' dir='ltr'>hujus</span> <span class='ocrx_word' id='word_1_389' title='bbox 1581 3912 1979 3977; x_wconf 70' lang='lat' dir='ltr'>GsnLAct</span> <span class='ocrx_word' id='word_1_390' title='bbox 2011 3891 2487 3979; x_wconf 81' lang='lat' dir='ltr'>constitutionis</span> <span class='ocrx_word' id='word_1_391' title='bbox 2539 3913 3049 3978; x_wconf 85' lang='lat' dir='ltr'>observationem</span> <span class='ocrx_word' id='word_1_392' title='bbox 3087 3911 3458 3979; x_wconf 77' lang='lat' dir='ltr'>scholastici</span> <span class='ocrx_word' id='word_1_393' title='bbox 3490 3914 3552 3978; x_wconf 90' lang='lat' dir='ltr'>in</span> <span class='ocrx_word' id='word_1_394' title='bbox 3581 3914 3879 3980; x_wconf 88' lang='lat' dir='ltr'>Ecclefiis</span> <span class='ocrx_word' id='word_1_395' title='bbox 3916 3914 4059 3978; x_wconf 89' lang='lat' dir='ltr'>Mo-</span> 
     </span>
    </p>
   </div>
   <div class='ocr_carea' id='block_1_7' title="bbox 1348 3994 4123 4737">
    <p class='ocr_par' dir='ltr' id='par_1_8' title="bbox 1348 3994 4123 4737">
     <span class='ocr_line' id='line_1_42' title="bbox 1348 3994 4060 4081; baseline 0.002 -27"><span class='ocrx_word' id='word_1_396' title='bbox 1348 3996 1678 4073; x_wconf 88' lang='lat' dir='ltr'>„guntinis</span> <span class='ocrx_word' id='word_1_397' title='bbox 1714 3995 1925 4075; x_wconf 82' lang='lat' dir='ltr'>jurato</span> <span class='ocrx_word' id='word_1_398' title='bbox 1959 4000 2332 4081; x_wconf 87' lang='lat' dir='ltr'>promittere</span> <span class='ocrx_word' id='word_1_399' title='bbox 2380 3996 2788 4069; x_wconf 83' lang='lat' dir='ltr'>tenebantur,</span> <span class='ocrx_word' id='word_1_400' title='bbox 2826 3994 2896 4056; x_wconf 74' lang='grc' dir='ltr'>ὅτ</span> <span class='ocrx_word' id='word_1_401' title='bbox 2926 3995 3160 4074; x_wconf 84' lang='lat' dir='ltr'>legitur</span> <span class='ocrx_word' id='word_1_402' title='bbox 3197 3999 3263 4058; x_wconf 86' lang='lat' dir='ltr'>in</span> <span class='ocrx_word' id='word_1_403' title='bbox 3310 3996 3557 4062; x_wconf 88' lang='lat' dir='ltr'>statutis</span> <span class='ocrx_word' id='word_1_404' title='bbox 3585 3997 3885 4063; x_wconf 84' lang='lat' dir='ltr'>Eccleliae</span> <span class='ocrx_word' id='word_1_405' title='bbox 3915 3998 4060 4059; x_wconf 89' lang='lat' dir='ltr'>Bin-</span> 
     </span>
     <span class='ocr_line' id='line_1_43' title="bbox 1348 4074 4062 4159; baseline 0.001 -23"><span class='ocrx_word' id='word_1_406' title='bbox 1348 4075 1599 4155; x_wconf 85' lang='lat' dir='ltr'>„genfis</span> <span class='ocrx_word' id='word_1_407' title='bbox 1620 4074 1685 4140; x_wconf 88' lang='lat' dir='ltr'>S.</span> <span class='ocrx_word' id='word_1_408' title='bbox 1733 4077 1980 4141; x_wconf 87' lang='lat' dir='ltr'>Martini</span> <span class='ocrx_word' id='word_1_409' title='bbox 2006 4100 2061 4143; x_wconf 88' lang='lat' dir='ltr'>a.</span> <span class='ocrx_word' id='word_1_410' title='bbox 2099 4098 2280 4159; x_wconf 77' lang='lat'>1403.</span> <span class='ocrx_word' id='word_1_411' title='bbox 2314 4081 2681 4141; x_wconf 81' lang='lat' dir='ltr'>renovatis:</span> <span class='ocrx_word' id='word_1_412' title='bbox 2728 4079 2921 4151; x_wconf 86' lang='lat' dir='ltr'>„item</span> <span class='ocrx_word' id='word_1_413' title='bbox 2953 4076 3030 4137; x_wconf 90' lang='lat' dir='ltr'>de</span> <span class='ocrx_word' id='word_1_414' title='bbox 3062 4078 3432 4143; x_wconf 87' lang='lat' dir='ltr'>Domicellis</span> <span class='ocrx_word' id='word_1_415' title='bbox 3459 4094 3606 4144; x_wconf 89' lang='lat' dir='ltr'>ante</span> <span class='ocrx_word' id='word_1_416' title='bbox 3629 4082 3754 4144; x_wconf 89' lang='lat' dir='ltr'>mei</span> <span class='ocrx_word' id='word_1_417' title='bbox 3794 4079 4062 4144; x_wconf 83' lang='lat' dir='ltr'>installa-</span> 
     </span>
     <span class='ocr_line' id='line_1_44' title="bbox 1348 4147 4062 4241; baseline 0.003 -26"><span class='ocrx_word' id='word_1_418' title='bbox 1348 4158 1636 4227; x_wconf 89' lang='lat' dir='ltr'>„tionem</span> <span class='ocrx_word' id='word_1_419' title='bbox 1664 4157 2074 4240; x_wconf 86' lang='lat' dir='ltr'>Corporalem</span> <span class='ocrx_word' id='word_1_420' title='bbox 2101 4163 2174 4224; x_wconf 90' lang='lat' dir='ltr'>ad</span> <span class='ocrx_word' id='word_1_421' title='bbox 2202 4147 2679 4225; x_wconf 82' lang='lat' dir='ltr'>Scholasteriam</span> <span class='ocrx_word' id='word_1_422' title='bbox 2705 4160 2973 4241; x_wconf 89' lang='lat' dir='ltr'>receptis</span> <span class='ocrx_word' id='word_1_423' title='bbox 2992 4201 3009 4231; x_wconf 90' lang='lat'><strong>‚</strong></span> <span class='ocrx_word' id='word_1_424' title='bbox 3052 4156 3122 4221; x_wconf 76' lang='grc' dir='ltr'>ὅτ</span> <span class='ocrx_word' id='word_1_425' title='bbox 3150 4160 3416 4225; x_wconf 73' lang='lat' dir='ltr'>admistis</span> <span class='ocrx_word' id='word_1_426' title='bbox 3453 4183 3583 4225; x_wconf 90' lang='lat' dir='ltr'>non</span> <span class='ocrx_word' id='word_1_427' title='bbox 3620 4163 4062 4226; x_wconf 70' lang='lat' dir='ltr'>meintromit·</span> 
     </span>
     <span class='ocr_line' id='line_1_45' title="bbox 1349 4236 4060 4327; baseline 0.004 -30"><span class='ocrx_word' id='word_1_428' title='bbox 1349 4246 1560 4311; x_wconf 86' lang='lat' dir='ltr'>„tam,</span> <span class='ocrx_word' id='word_1_429' title='bbox 1606 4236 1702 4301; x_wconf 90' lang='lat' dir='ltr'>sed</span> <span class='ocrx_word' id='word_1_430' title='bbox 1728 4240 1975 4305; x_wconf 84' lang='lat' dir='ltr'>stabunt</span> <span class='ocrx_word' id='word_1_431' title='bbox 2004 4245 2078 4306; x_wconf 89' lang='lat' dir='ltr'>ad</span> <span class='ocrx_word' id='word_1_432' title='bbox 2111 4245 2378 4327; x_wconf 88' lang='lat' dir='ltr'>gratiam</span> <span class='ocrx_word' id='word_1_433' title='bbox 2419 4241 2727 4322; x_wconf 86' lang='lat' dir='ltr'>Capituli,</span> <span class='ocrx_word' id='word_1_434' title='bbox 2772 4242 2923 4303; x_wconf 89' lang='lat' dir='ltr'>item</span> <span class='ocrx_word' id='word_1_435' title='bbox 2954 4259 3090 4302; x_wconf 90' lang='lat' dir='ltr'>non</span> <span class='ocrx_word' id='word_1_436' title='bbox 3118 4244 3374 4306; x_wconf 85' lang='lat' dir='ltr'>vocabo</span> <span class='ocrx_word' id='word_1_437' title='bbox 3418 4244 3815 4320; x_wconf 84' lang='lat' dir='ltr'>Domicellos</span> <span class='ocrx_word' id='word_1_438' title='bbox 3842 4246 3920 4307; x_wconf 89' lang='lat' dir='ltr'>ad</span> <span class='ocrx_word' id='word_1_439' title='bbox 3954 4262 4060 4308; x_wconf 84' lang='lat' dir='ltr'>cu·</span> 
     </span>
     <span class='ocr_line' id='line_1_46' title="bbox 1351 4318 4062 4416; baseline -0.001 -28"><span class='ocrx_word' id='word_1_440' title='bbox 1351 4334 1524 4416; x_wconf 71' lang='lat' dir='ltr'>„ram</span> <span class='ocrx_word' id='word_1_441' title='bbox 1555 4318 1623 4383; x_wconf 67' lang='grc' dir='ltr'>ὅ(</span> <span class='ocrx_word' id='word_1_442' title='bbox 1655 4321 2084 4405; x_wconf 69' lang='lat' dir='ltr'>provisionem</span> <span class='ocrx_word' id='word_1_443' title='bbox 2115 4343 2319 4388; x_wconf 88' lang='lat' dir='ltr'>meam</span> <span class='ocrx_word' id='word_1_444' title='bbox 2344 4367 2361 4398; x_wconf 88' lang='lat'><strong>,</strong></span> <span class='ocrx_word' id='word_1_445' title='bbox 2408 4324 2520 4388; x_wconf 88' lang='lat' dir='ltr'>nisi</span> <span class='ocrx_word' id='word_1_446' title='bbox 2547 4325 2652 4386; x_wconf 86' lang='lat' dir='ltr'>lim</span> <span class='ocrx_word' id='word_1_447' title='bbox 2685 4323 2758 4384; x_wconf 88' lang='lat' dir='ltr'>ad</span> <span class='ocrx_word' id='word_1_448' title='bbox 2791 4324 2999 4387; x_wconf 89' lang='lat' dir='ltr'>minus</span> <span class='ocrx_word' id='word_1_449' title='bbox 3027 4324 3093 4385; x_wconf 91' lang='lat' dir='ltr'>in</span> <span class='ocrx_word' id='word_1_450' title='bbox 3135 4325 3359 4389; x_wconf 85' lang='lat' dir='ltr'>ordine</span> <span class='ocrx_word' id='word_1_451' title='bbox 3396 4322 3878 4390; x_wconf 87' lang='lat' dir='ltr'>subdiaconatus</span> <span class='ocrx_word' id='word_1_452' title='bbox 3894 4344 4062 4396; x_wconf 77' lang='lat' dir='ltr'>,con-</span> 
     </span>
     <span class='ocr_line' id='line_1_47' title="bbox 1350 4399 4061 4494; baseline 0.003 -34"><span class='ocrx_word' id='word_1_453' title='bbox 1350 4399 1682 4494; x_wconf 54' lang='lat' dir='ltr'>„stitutum</span> <span class='ocrx_word' id='word_1_454' title='bbox 1726 4403 1797 4466; x_wconf 76' lang='grc' dir='ltr'>ὄι</span> <span class='ocrx_word' id='word_1_455' title='bbox 1838 4406 1953 4470; x_wconf 82' lang='lat' dir='ltr'>nili</span> <span class='ocrx_word' id='word_1_456' title='bbox 2004 4408 2369 4469; x_wconf 87' lang='lat' dir='ltr'>continuam</span> <span class='ocrx_word' id='word_1_457' title='bbox 2427 4406 2819 4488; x_wconf 88' lang='lat' dir='ltr'>personalem</span> <span class='ocrx_word' id='word_1_458' title='bbox 2876 4403 3270 4470; x_wconf 77' lang='lat' dir='ltr'>residentiam</span> <span class='ocrx_word' id='word_1_459' title='bbox 3321 4406 3541 4471; x_wconf 84' lang='lat' dir='ltr'>faciam</span> <span class='ocrx_word' id='word_1_460' title='bbox 3580 4411 3644 4471; x_wconf 89' lang='lat' dir='ltr'>in</span> <span class='ocrx_word' id='word_1_461' title='bbox 3676 4412 3848 4472; x_wconf 87' lang='lat' dir='ltr'>curia</span> <span class='ocrx_word' id='word_1_462' title='bbox 3903 4424 4061 4470; x_wconf 81' lang='lat' dir='ltr'>meae</span> 
     </span>
     <span class='ocr_line' id='line_1_48' title="bbox 1352 4480 4123 4569; baseline 0.003 -28"><span class='ocrx_word' id='word_1_463' title='bbox 1352 4480 1855 4569; x_wconf 62' lang='lat' dir='ltr'>‚,Scholal’reriae.</span> <span class='ocrx_word' id='word_1_464' title='bbox 1940 4481 2103 4549; x_wconf 89' lang='lat' dir='ltr'>Item</span> <span class='ocrx_word' id='word_1_465' title='bbox 2129 4489 2204 4550; x_wconf 91' lang='lat' dir='ltr'>de</span> <span class='ocrx_word' id='word_1_466' title='bbox 2229 4487 2576 4568; x_wconf 68' lang='lat' dir='ltr'>redditibus</span> <span class='ocrx_word' id='word_1_467' title='bbox 2615 4486 2686 4550; x_wconf 74' lang='grc' dir='ltr'>δε</span> <span class='ocrx_word' id='word_1_468' title='bbox 2716 4489 3136 4569; x_wconf 86' lang='lat' dir='ltr'>proventibus</span> <span class='ocrx_word' id='word_1_469' title='bbox 3168 4487 3672 4554; x_wconf 87' lang='lat' dir='ltr'>Domicellorum</span> <span class='ocrx_word' id='word_1_470' title='bbox 3721 4490 4063 4554; x_wconf 85' lang='lat' dir='ltr'>absentium</span> <span class='ocrx_word' id='word_1_471' title='bbox 4122 4525 4123 4528; x_wconf 60' lang='lat'><em>=</em></span> 
     </span>
     <span class='ocr_line' id='line_1_49' title="bbox 1352 4567 4061 4660; baseline -0 -29"><span class='ocrx_word' id='word_1_472' title='bbox 1352 4580 1500 4660; x_wconf 44' lang='grc' dir='ltr'>,με</span> <span class='ocrx_word' id='word_1_473' title='bbox 1528 4582 1661 4627; x_wconf 91' lang='lat' dir='ltr'>non</span> <span class='ocrx_word' id='word_1_474' title='bbox 1699 4568 2115 4632; x_wconf 86' lang='lat' dir='ltr'>intromittam</span> <span class='ocrx_word' id='word_1_475' title='bbox 2148 4579 2408 4653; x_wconf 88' lang='lat' dir='ltr'>propter</span> <span class='ocrx_word' id='word_1_476' title='bbox 2434 4587 2676 4652; x_wconf 86' lang='lat' dir='ltr'>paenam</span> <span class='ocrx_word' id='word_1_477' title='bbox 2714 4567 3043 4644; x_wconf 83' lang='lat' dir='ltr'>absentiae.</span> <span class='ocrx_word' id='word_1_478' title='bbox 3089 4590 3170 4633; x_wconf 92' lang='lat' dir='ltr'>ne</span> <span class='ocrx_word' id='word_1_479' title='bbox 3210 4571 3441 4653; x_wconf 85' lang='lat' dir='ltr'>duplici</span> <span class='ocrx_word' id='word_1_480' title='bbox 3477 4592 3655 4653; x_wconf 85' lang='lat' dir='ltr'>paena</span> <span class='ocrx_word' id='word_1_481' title='bbox 3696 4579 4061 4658; x_wconf 84' lang='lat' dir='ltr'>graventur,</span> 
     </span>
     <span class='ocr_line' id='line_1_50' title="bbox 1349 4646 4062 4737; baseline 0.001 -30"><span class='ocrx_word' id='word_1_482' title='bbox 1349 4655 1548 4720; x_wconf 78' lang='lat' dir='ltr'>„rtem</span> <span class='ocrx_word' id='word_1_483' title='bbox 1590 4646 1984 4715; x_wconf 86' lang='lat' dir='ltr'>Domicellos</span> <span class='ocrx_word' id='word_1_484' title='bbox 2027 4649 2133 4718; x_wconf 82' lang='lat' dir='ltr'>sub</span> <span class='ocrx_word' id='word_1_485' title='bbox 2156 4652 2317 4736; x_wconf 85' lang='lat' dir='ltr'>jugo</span> <span class='ocrx_word' id='word_1_486' title='bbox 2357 4671 2507 4718; x_wconf 88' lang='lat' dir='ltr'>meo</span> <span class='ocrx_word' id='word_1_487' title='bbox 2537 4651 2880 4718; x_wconf 83' lang='lat' dir='ltr'>existentes</span> <span class='ocrx_word' id='word_1_488' title='bbox 2916 4654 2981 4737; x_wconf 81' lang='lat' dir='ltr'>in</span> <span class='ocrx_word' id='word_1_489' title='bbox 3008 4652 3340 4736; x_wconf 86' lang='lat' dir='ltr'>Disciplina</span> <span class='ocrx_word' id='word_1_490' title='bbox 3367 4651 3432 4716; x_wconf 69' lang='grc' dir='ltr'>δι</span> <span class='ocrx_word' id='word_1_491' title='bbox 3459 4674 3710 4720; x_wconf 86' lang='lat' dir='ltr'>morum</span> <span class='ocrx_word' id='word_1_492' title='bbox 3738 4654 4062 4719; x_wconf 85' lang='lat' dir='ltr'>honestate</span> 
     </span>
    </p>
   </div>
   <div class='ocr_carea' id='block_1_8' title="bbox 3870 4733 4061 4811">
    <p class='ocr_par' dir='ltr' id='par_1_9' title="bbox 3870 4733 4061 4811">
     <span class='ocr_line' id='line_1_51' title="bbox 3870 4733 4061 4811; baseline -0.005 -13"><span class='ocrx_word' id='word_1_493' title='bbox 3870 4733 4061 4811; x_wconf 83' lang='lat' dir='ltr'>„dili-</span> 
     </span>
    </p>
   </div>
  </div>
 </body>
</html>
