4509 5550
946 484 1530 657 otssunrnuro
1633 599 1638 606 .

610 730 739 807 interitu
752 736 786 803 io
804 735 854 801 eit.
876 728 956 820 Diffi
976 730 1118 798 offeritur
1139 732 1296 797 Decimam
1315 733 1347 796 in
1368 731 1516 817 Capitnlo
1539 730 1638 797 allato
1654 731 1785 797 minime
1802 732 2004 819 fignificare

612 827 664 898 iel,
693 822 779 905 qnod
799 819 920 900 vulgo,
945 816 1079 960 gebeni!
1103 815 1154 878 sed
1170 814 1339 878 Eccleliam
1357 814 1719 961 Archipresbyteralem,
1743 816 1835 899 cuine
1856 818 1907 897 jus
1924 840 2003 964 pa-

612 917 762 973 bonatus
774 904 814 966 ad
828 902 943 965 Abbati
969 918 1017 960 ani
1031 896 1065 960 δι
1079 910 1276 961 conventum
1290 896 1381 960 fimul
1393 897 1459 981 spel
1476 900 1566 973 abac,
1588 907 1684 979 atque
1695 899 1738 961 ite
1754 918 1819 961 non
1831 902 1893 963 rite
1905 902 1927 965 ll
1944 903 2003 967 ud

614 989 795 1074 Capitulum
831 1004 869 1047 ro
889 1004 925 1048 ea
945 982 1099 1065 opinione
1116 979 1236 1053 afferri,
1259 978 1343 1061 quast
1362 980 1513 1047 alienatio
1529 982 1687 1045 bonorum
1702 981 2004 1048 ecclefiallicorum

613 1076 717 1137 tacito
739 1007 888 1133 combusti
910 1062 1049 1147 Capituli
1070 1062 1326 1139 convalescerem
1353 1064 1402 1127 nti
1421 1062 1604 1128 tanumest
1622 1062 1744 1147 ab‘ipt'o
1762 1062 2002 1132 Cannutio

615 1154 835 1232 molestantur
852 1150 938 1213 Part.
951 1168 984 1212 ι,
995 1167 1026 1230 p.
1041 1164 1073 1227 5.
1420 1170 1425 1179 ·
1633 1148 1642 1159 ·

476 1343 479 1349 ¹
543 1274 624 1311 esee»
648 1270 797 1417 Episcopi
807 1267 961 1333 videlicet
974 1264 1032 1328 soli
1043 1263 1151 1347 primis
1167 1260 1279 1328 seculis
1292 1260 1477 1346 baptismum
1492 1220 1716 1339 conterebant,
1737 1264 1871 1331 undeet
1886 1267 1920 1331 ln
1938 1266 2003 1331 so-

615 1355 657 1419 lie
700 1350 911 1415 athedralibus
922 1358 978 1411 aut
988 1365 1088 1430 prope
1098 1346 1173 1408 'illas
1188 1344 1370 1427 Baptisteria
1384 1347 1428 1415 ita
1440 1344 1522 1411 diste
1535 1346 1733 1421 visebantur,
1756 1348 1848 1429 cujus
1863 1350 1999 1415 idcirco

509 1495 512 1502 ’
614 1427 2000 1585 bttlltlttllt{nilliltlttilttllttstttlllttalnisi?

615 1601 709 1665 malis
732 1598 765 1663 S.
781 1534 1100 1694 ineremp‘ssanursr.
1123 1592 1321 1690 Serranis-ar
1341 1594 1374 1655 in
1396 1592 1475 1690 Hpfl.
1496 1590 1644 1657 Wormat.
1667 1612 1698 1675 p.
1719 1592 1771 1658 62.
1802 1607 1835 1659 et
1857 1596 1889 1658 iu
1918 1536 1998 1662 boa.

595 1674 1297 1847 ‘iibiibiriilitifgtss‘abbii'ilbib
1307 1672 1779 1839 nltll¹tll,⁰t3ttiltt
1789 1676 1999 1841 illisit

620 1848 735 1927 legista
750 1840 791 1905 ab
808 1840 928 1923 gradus
947 1840 985 1901 B.
1008 1836 1044 1903 V.
1064 1838 1110 1901 M.
1132 1839 1185 1919 qui
1199 1850 1231 1899 et
1244 1840 1415 1917 generatim
1430 1837 1511 1901 hanc
1527 1840 1689 1901 materiam
1705 1840 1828 1903 erudite
1841 1840 1998 1905 illustrat:

620 1928 660 1988 ele
677 1920 940 1988 Hildesheimenfi
958 1920 1033 1983 vide
1055 1919 1298 2001 Hagiograpbos
1311 1917 1544 2002 antwerpienses
1566 1922 1605 1981 ad
1625 1922 1708 1983 diem
1727 1939 1758 2002 4.
1781 1920 1855 1984 Maii
1870 1924 1903 1985 iu
1925 1927 2000 1986 vita

621 2006 655 2071 S.
678 2006 973 2070 Gonnurnnnn
1001 2001 1042 2064 de
1060 2001 1130 2064 aliis
1148 2000 1251 2064 adhue
1270 2000 1395 2063 Diluere
1411 2004 1445 2064 in
1466 1996 1545 2083 Diffi
1563 2002 1600 2065 de
1618 1998 1750 2065 Parecbo
1767 2020 1788 2066 a
1804 2009 2000 2087 perceptione

622 2090 807 2152 decimarum
827 2086 981 2146 novalium
997 2087 1032 2145 in
1054 2082 1222 2145 Germania
1238 2080 1355 2164 excluso
1374 2082 1458 2164 Mag.
1475 2084 1564 2167 1764
1580 2094 1614 2153 a.
1628 2100 1659 2165 9.
1702 2082 1797 2160 Quod
1819 2104 1900 2147 vern
1919 2105 2000 2168 pro-

623 2173 696 2253 pius
707 2169 771 2231 hoc
781 2168 907 2249 irretiat,
922 2184 994 2227 cum
1006 2164 1119 2226 deinde
1132 2164 1183 2245 jus
1196 2164 1366 2247 baptisterii
1376 2164 1523 2229 Ecclestis
1536 2164 1901 2247 Archipresbyteralibua
1915 2188 1999 2231 con-

625 2252 808 2322 cederetur,
839 2268 893 2311 eas
916 2244 1106 2328 baptismales
1122 2256 1257 2307 vocatae
1274 2242 1363 2307 inille
1378 2246 1483 2309 elucet
1504 2267 1547 2311 ex
1575 2246 1648 2311 Can.
1666 2265 1687 2328 4
1709 2294 1717 2311 .
1739 2244 1826 2330 Cares.
1844 2268 1893 2313 11.
1912 2272 1942 2333 q.
1965 2268 1996 2317 1.

625 2334 718 2414 cujus
734 2331 823 2395 int'cri
845 2332 894 2391 tio
914 2329 977 2391 cli:
1012 2322 1253 2418 Baptismalibns
1272 2327 1407 2411 Ecclefiis
1420 2330 1541 2391 decima
1562 2328 1634 2394 bari
1644 2267 1779 2422 'debean
1809 2340 1922 2394 textus
1939 2352 1997 2396 an-

626 2424 713 2489 tem,
735 2350 1107 2495 quielbt’asennm
1124 2402 1165 2473 11.
1182 2418 1296 2491 atque,
1312 2421 1349 2471 ut
1369 2409 1442 2472 vult
1457 2408 1616 2473 Bnuuz.
1638 2430 1671 2471 en
1685 2410 1799 2476 netad
1824 2410 1995 2495 Capitnlar.

634 2494 719 2561 Tam.
734 2512 765 2559 a.
776 2514 808 2577 p.
823 2509 912 2575 1575.
928 2492 966 2553 ed
982 2488 1158 2573 Episcopus
1173 2489 1343 2557 Britanniae
1359 2492 1423 2555 ait:
1453 2491 1491 2554 de
1501 2492 1622 2555 decimis
1632 2490 1713 2575 jnslo
1728 2494 1836 2556 ordine
1847 2492 1997 2560 non'tan·

628 2587 695 2644 tum
706 2577 809 2649 nobis,
822 2558 880 2659 sea
896 2571 935 2637 t'a
947 2573 1116 2657 majoribus
1130 2572 1241 2656 noslris
1255 2570 1384 2655 aisnme
1425 2574 1558 2655 plebibus
1572 2576 1645 2655 (per
1663 2592 1740 2655 quas
1759 2574 1915 2639 Ecclestas
1933 2577 1997 2639 Ar-

627 2657 914 2742 chipresbyteralee
935 2655 1111 2735 delignatas
1134 2652 1224 2717 fniffe
1250 2654 1310 2717 'arn
1334 2656 1363 2717 di
1400 2674 1451 2717 um
1474 2654 1537 2737 est)
1559 2665 1697 2729 tantum,
1739 2655 1996 2740 abisaceosanbia

628 2738 814 2827 baptismata
826 2740 960 2810 cientur,
983 2737 1086 2800 debere
1101 2737 1194 2801 iaris
1217 2672 1332 2801 &bran
1346 2756 1396 2819 54.
1411 2754 1504 2818 quem
1521 2736 1786 2803 Gnnnrnnus
1802 2739 1927 2820 quidem
1949 2761 1995 2806 ex

543 2871 550 2878 .
633 2825 667 2889 C.
680 2825 818 2906 quodam
837 2822 976 2883 Toletano
988 2818 1182 2899 desumptum
1199 2817 1260 2880 elie
1275 2819 1369 2881 vult:
1398 2819 1602 2884 Correttores
1620 2839 1702 2884 vero
1717 2820 1853 2886 Romani
1876 2821 1994 2886 testan-

629 2917 683 2969 tur
701 2909 734 2969 in
748 2903 838 2966 nullo
850 2901 975 2972 haberi,
999 2898 1049 2962 ted
1066 2920 1082 2958 a
1097 2899 1341 2980 Bnnnnnnon&
1363 2899 1478 2963 lvonn
1499 2904 1590 2965 citeri
1607 2923 1651 2965 ex
1665 2905 1910 2985 Aqnisgranens
1919 2949 1929 2978 ‚
1946 2906 1996 2968 di·

540 3035 545 3042 .
630 2991 732 3051 citur:
779 2988 858 3047 tures
870 2978 1061 3063 baptismales
1075 2981 1209 3062 Ecclesia
1222 2983 1256 3042 in
1271 2999 1334 3044 rena
1348 2985 1561 3048 terminatione
1584 2985 1789 3066 (regiuncula
1806 2985 1994 3068 Arclripres·

473 3079 477 3086 ’
629 3068 786 3151 byteralt)
808 3059 862 3148 effe
874 3084 935 3126 non
947 3057 1083 3158 possent,
1096 3060 1155 3144 seb
1172 3080 1235 3125 nna
1251 3064 1460 3127 tantummodo
1479 3083 1545 3127 cum
1555 3064 1624 3147 suis
1640 3069 1786 3149 Capellisa
1819 3065 1859 3131 E?
1872 3067 1900 3152 st
1922 3087 1994 3132 con·

630 3147 838 3232 tentiosnerit
852 3145 1111 3209 determinatione
1123 3145 1257 3206 duarum
1272 3148 1449 3216 matricum.
1479 3146 1575 3229 plebes
1595 3156 1794 3230 utrorumque
1812 3146 1993 3232 discernant.

629 3231 824 3296 Evidentins
842 3228 875 3292 in
893 3227 1060 3309 capitular.
1081 3225 1221 3289 Caunus
1245 3244 1360 3289 cenvs
1391 3227 1450 3292 Tit.
1468 3240 1519 3310 48.
1537 3229 1666 3292 deonna
1688 3241 1759 3312 874.
1786 3230 1818 3294 C.
1845 3251 1893 3294 rr.
1912 3232 1995 3314 apud

629 3313 783 3378 Bnnuz
810 3310 894 3374 Tam.
911 3326 941 3373 a.
959 3308 1129 3391 Capitntar.
1146 3326 1177 3390 p.
1192 3326 1263 3390 240.
1283 3309 1418 3373 dicitur:
1440 3307 1479 3376 ὅ
1499 3321 1535 3376 nt
1556 3311 1697 3394 Ecclesas
1716 3311 1906 3394 baptismales
1918 3333 1996 3396 qnos

517 3409 523 3425 “
628 3397 726 3481 plebes
744 3396 915 3478 appeliant,
922 3391 1089 3473 secundnm
1105 3392 1265 3472 antiquam
1285 3391 1418 3466 Ecclesia
1436 3389 1694 3474 connsuetudinem,
1724 3393 1858 3478 Ecclefia
1869 3397 1927 3476 filii
1947 3401 1997 3458 in-

627 3479 776 3564 staurent.
819 3473 914 3538 Coni.
932 3471 1149 3535 Borestorum
1170 3475 1203 3535 in
1216 3491 1295 3536 nova
1312 3471 1383 3536 ean.
1401 3473 1488 3555 Corp.
1504 3471 1586 3554 tiser.
1600 3475 1673 3540 Can.
1690 3477 1723 3536 in
1735 3477 1907 3540 natabat.
1920 3479 1994 3544 Can.

631 3579 684 3641 45.
728 3561 834 3654 Atque
846 3560 889 3620 ita
901 3556 1055 3698 ⁷tleinceps
1068 3555 1106 3696 i}
1114 3555 1300 3697 ·d{p-l⁰¹¹‡·³ti⁵
1316 3553 1662 3698 baptigmalesEcckessae
1682 3569 1854 3620 occurrunt
1866 3599 1880 3656 ,ι
1901 3563 1948 3624 uti
1959 3563 1994 3656 lu

631 3640 895 3803 illisne,
913 3655 1381 3812 rtttietettattgtssilu
1389 3655 1768 3800 stilletis-tilii:
1784 3639 1998 3804 stelen

633 3801 757 3885 inipso
779 3801 856 3865 ualle
874 3799 1046 3882 adjacentia
1069 3817 1090 3861 a
1116 3799 1230 3862 Comate
1247 3797 1516 3866 Wunnurnno
1544 3803 1558 3870 t
1568 3801 1643 3864 dum
1661 3805 1832 3866 comitatus
1860 3807 1996 3868 necdum

634 3884 825 3950 haereditarii
837 3883 969 3946 omnino
983 3879 1099 3953 etsent,
1121 3879 1253 3942 necdum
1267 3882 1305 3944 ab
1320 3881 1360 3944 iis
1374 3901 1490 3944 nomen
1504 3879 1708 3964 affumpsere,
1742 3882 1793 3946 sed
1815 3887 1923 3966 potine
1939 3907 1996 3949 co·

634 3969 767 4033 mitatua
779 3985 796 4024 a
809 3965 982 4027 comitibus
996 3961 1070 4025 dieti
1086 3961 1164 4026 sunt.
1177 3961 1269 4024 Conf.
1280 3961 1340 4027 Ko
1351 3983 1406 4027 nn.
1418 3964 1455 4027 ebe
1467 3963 1580 4048 infigni
1594 3957 1769 4044 diffnentia
1782 3971 1861 4030 inter
1871 3965 1904 4031 S.
1918 3968 1995 4050 etl.

634 4053 756 4115 comites
767 4043 927 4112 &nobiles
939 4045 1138 4108 immediatos.
1183 4043 1271 4108 Edit.
1290 4043 1408 4122 secund.
1429 4065 1458 4128 p.
1471 4046 1521 4108 62.
1530 4043 1632 4128 seqq.)
1652 4065 1718 4108 eum
1729 4043 1832 4129 servis
1847 4045 1886 4112 &
1901 4051 1995 4112 aneil-

636 4137 673 4198 tis
691 4131 785 4194 eiam
799 4125 978 4206 monasterio
1001 4125 1119 4188 tradita
1136 4139 1201 4188 cnm
1221 4123 1339 4188 dnobus
1355 4127 1489 4212 eeclesiis
1501 4125 1728 4210 baptismatibus
1747 4129 1856 4194 ibidem
1864 4131 1935 4215 fitis
1957 4129 1998 4197 δ’

638 4213 800 4280 Atossam
812 4213 846 4274 in
860 4206 1066 4289 Regenesbacle
1081 4227 1148 4270 aiem
1160 4209 1270 4288 capella
1288 4203 1351 4270 &a
1771 4227 1777 4238 “

521 4381 524 4388 ,
563 4331 695 4376 ...ee-
714 4329 762 4393 ltu
776 4324 965 4410 Praepofitns
978 4324 1235 4406 llletropolitnnae
1247 4324 1445 4404 moguntina
1459 4321 1559 4388 hodie
1572 4323 1673 4388 adhuc
1687 4345 1745 4407 pro
1757 4333 1846 4390 cerlo
1861 4326 1997 4394 attritio

639 4412 760 4476 veteris
774 4410 819 4472 sni
834 4408 1119 4471 Archidiaconntns
1133 4407 1276 4469 nominat
1290 4405 1625 4488 Archipresllyterum,
1654 4409 1708 4488 qni
1728 4411 1760 4471 in
1776 4411 1890 4472 eodem
1908 4411 1995 4474 inve·

638 4495 691 4558 itit
705 4491 868 4558 beneficiis
888 4488 1100 4552 ecclesiasticis
1114 4489 1276 4576 donatum,
1299 4487 1424 4551 interest
1439 4490 1614 4552 rationibus
1635 4491 1860 4556 reddendiaob
1877 4493 1995 4556 reditus

639 4574 854 4651 eccleliarum,
876 4572 1009 4637 instituit
1021 4569 1230 4638 visitationes.
1279 4567 1512 4652 Huiuscemodi
1526 4572 1788 4662 Archipteabyter
1803 4573 1868 4654 jem
1883 4593 1996 4640 occur-

1958 4659 2000 4724 rit
