4509 5550
474 509 568 659 '41⁶
615 497 1885 682 nst.antntnonnroneo.emoneo-ronnei

379 823 398 842 ,
485 753 678 836 'repertura
691 738 729 813 stt
745 762 859 811 return
878 742 1147 833 germanicarum
1167 729 1355 826 consciunt,
1380 739 1530 814 teritttia
1544 759 1730 822 amantem,
1754 735 1945 814 candidum
1963 739 2000 816 8(

505 839 707 919 humanum,
740 841 799 932 qui
821 838 899 909 huit
921 838 1124 914 Academico
1149 838 1346 937 specimini,
1375 838 1467 934 quod
1496 838 1622 909 nemini
1647 834 1800 920 officere,
1831 835 2001 911 omnibus

505 935 667 1008 modestia
688 936 771 1005 duce
790 935 919 1006 licitum
938 933 1001 1008 eise
1022 934 1244 1030 dignoscitur,
1271 938 1305 1007 id
1322 932 1430 1034 ipsum
1445 934 1532 1030 jutis
1557 959 1623 1006 non
1638 938 1785 1032 portium
1801 933 1918 1007 studio
1942 961 2002 1009 no·

395 1058 399 1067 ⁴
507 1035 596 1104 vetit
614 1033 799 1129 impertiri,
821 1034 912 1126 quod
929 1032 1084 1120 omnibus
1103 1036 1135 1106 dt
1154 1033 1288 1128 singulis
1304 1035 1338 1104 in
1355 1058 1395 1104 eo
1411 1031 1565 1104 assertum
1581 1029 1732 1117 confid03
1760 1035 1891 1105 nemini
1909 1035 2002 1108 enitn

509 1130 545 1201 in
569 1129 808 1223 coqoidquam
823 1130 875 1199 vel
898 1130 1127 1215 ambitiosum,
1149 1133 1203 1204 vel
1220 1135 1376 1227 cuiquam
1396 1127 1548 1200 odiosum
1577 1127 1811 1212 occursurum,
1836 1127 1901 1202 sed
1932 1130 2002 1202 abs·

511 1251 578 1322 que
592 1230 772 1310 immaturo
786 1223 906 1299 affeiin
920 1226 1163 1328 Disputationis
1179 1231 1292 1304 theton
1312 1224 1590 1310 demonstratum,
1617 1250 1778 1323 quantum
1793 1227 1904 1300 breve
1920 1251 2003 1300 tem·

510 1330 722 1421 puerilitate
738 1321 958 1420 potesispera,
983 1351 1060 1398 curn
1080 1351 1209 1400 meram
1226 1333 1420 1400 tolerantiam
1437 1327 1541 1418 spiret.
1602 1327 1694 1494 Opici
1715 1329 1805 1398 enitit
1821 1327 2001 1422 Imperan-

513 1422 557 1492 tis
578 1417 743 1513 Majeiiati
756 1420 903 1504 decedit,
926 1424 1060 1518 quando
1073 1425 1195 1498 leniori
1217 1423 1368 1496 remedio
1382 1419 1476 1499 suum
1486 1417 1589 1494 ‘finem
1606 1447 1622 1492 a
1650 1423 1804 1522 equitur,
1832 1428 1942 1520 quent
1957 1428 2002 1496 ri·

513 1540 598 1609 pore
617 1519 700 1610 juris
728 1541 853 1590 tentato
875 1522 928 1591 vix
951 1546 988 1592 ac
1011 1548 1052 1594 ne
1077 1527 1129 1593 vix
1156 1523 1292 1619 quidem
1312 1519 1468 1616 consequi
1489 1515 1680 1615 sepeliret.
1731 1519 1836 1591 Dabis
1853 1521 2001 1618 proinde

513 1611 639 1686 Lettm
651 1614 815 1703 Benevole
830 1617 913 1686 mihi
929 1617 970 1688 de
986 1643 1144 1716 recepto,
1170 1619 1262 1716 quod
1277 1621 1419 1692 comiter
1433 1619 1544 1688 omnia
1557 1617 1657 1700 colit,
1682 1623 1767 1718 Jurd
1782 1625 2003 1701 Permittentt,

513 1733 609 1806 atque
636 1719 811 1784 Tolerentia
831 1712 1033 1798 maenum,
1057 1717 1079 1789 fi
1101 1719 1212 1790 minua
1234 1719 1391 1809 gratiam,
1418 1737 1451 1786 at
1473 1711 1587 1790 saltem
1604 1719 1752 1796 veniam,
1777 1739 1882 1810 quarn
1904 1741 1999 1788 nemo

516 1833 584 1879 tton
604 1835 773 1890 meretur,
798 1812 856 1904 qui
877 1812 957 1907 quid
974 1819 1059 1904 agit,
1086 1815 1177 1912 quod
1199 1819 1266 1901 itate
1284 1819 1478 1909 permittente
1494 1812 1705 1898 conceditut3
1734 1813 1766 1884 dt
1787 1837 1891 1884 nemo
1907 1813 2001 1885 dene·

518 1904 626 1998 pabit,
654 1910 711 2002 qui
729 1907 872 1978 humana
886 1906 1010 2001 singula
1024 1916 1122 1983 etiam
1140 1909 1203 1984 ase
1224 1911 1329 2006 pliena
1346 1935 1412 1980 non
1426 1907 1678 1996 existimaverit3
1704 1935 1781 1982 cunt
1798 1909 1854 1981 hic
1872 1915 1999 2002 Legum

443 2033 451 2052 «
519 2006 707 2097 patriarum
720 2003 905 2076 cultoribus
920 2011 1094 2081 veritatem
1106 2012 1239 2106 potius,
1267 2033 1367 2107 quam
1377 2005 1559 2080 earundem
1571 2007 1789 2106 interpretem
1806 2004 2000 2082 fisterecum

521 2119 606 2197 pace
619 2104 769 2172 omniurn
787 2099 819 2173 dt
834 2098 1037 2196 singulorum
1050 2107 1277 2192 decreverim,
1303 2101 1439 2203 spiritus
1458 2125 1579 2201 nempe
1593 2103 1651 2180 ubi
1668 2104 1757 2192 vult,
1782 2101 1901 2204 spirat.

1019 2349 1393 2464 CAPUT
1471 2355 1503 2482 Ι.

699 2543 767 2632 De
783 2542 1043 2661 tolerantia,
1079 2553 1158 2643 five
1183 2555 1293 2668 Lege
1314 2554 1584 2668 permittente
1606 2552 1649 2640 itt
1672 2551 1842 2666 genere?

1048 2757 1325 2865 ..Μ

532 2838 712 3019 Nomen
725 2954 914 3047 permiffitnis
932 2956 1024 3053 quod
1047 2960 1082 3030 in
1103 2936 1217 3033 noiiro
1232 2960 1288 3033 hic
1308 2955 1400 3035 sensu
1423 2984 1498 3035 cum
1518 2960 1653 3032 nomine
1676 2982 1741 3032 tete
1759 2960 1848 3033 tionis
1874 2962 1927 3032 nix
1944 2979 2000 3030 non

535 3040 626 3115 idem
640 3040 705 3125 est,
729 3052 822 3121 varie
836 3056 942 3149 accipi
955 3055 1081 3153 potest,
1105 3082 1182 3151 nutu
1197 3058 1349 3157 quedam
1361 3060 1485 3132 dicitur
1501 3052 1668 3156 permissio
1757 3060 1787 3141 i,
1812 3082 1890 3157 quae
1911 3054 2001 3129 confi·

353 3011 527 3113 HPMY·

356 3112 512 3248 fflffi
539 3136 595 3214 siit
606 3141 641 3214 in
657 3166 748 3215 mera
763 3151 937 3243 negatione
949 3157 1183 3251 impedimenti
1198 3155 1250 3230 vel
1265 3160 1397 3254 operia,
1420 3182 1488 3251 quo
1499 3152 1596 3255 poffit
1609 3150 1788 3227 efficaciter
1802 3158 1915 3253 pediri
1928 3150 2001 3225 adio

358 3263 492 3338 evolvi.
541 3236 697 3321 alterius,
723 3239 777 3315 seu
793 3248 926 3341 quando
941 3250 1005 3322 hoc
1021 3253 1071 3325 tel
1089 3252 1171 3327 illud
1183 3280 1249 3325 non
1264 3256 1433 3352 impedio,
1466 3254 1557 3351 quod
1572 3251 1737 3349 impedire
1759 3250 1909 3349 possum,
1938 3254 2001 3321 ficei

361 3343 424 3409 tut.
542 3338 611 3409 iton
623 3358 755 3430 tenear,
782 3342 902 3416 &talis
916 3346 961 3419 ess
978 3346 1164 3446 permissio,
1190 3377 1255 3447 qua
1269 3358 1362 3427 Deus
1377 3375 1509 3449 peccatu
1526 3350 1708 3448 permittit,
1733 3352 1810 3445 quia
1825 3350 1906 3425 iicet
1922 3341 2003 3447 poffit

545 3435 714 3533 impedire
729 3439 770 3511 de
783 3436 890 3525 fatto,
915 3446 1069 3531 nefioot,
1094 3476 1160 3519 non
1176 3451 1320 3546 impedit
1336 3474 1465 3532 tomen,
1487 3474 1547 3521 nec
1567 3446 1638 3519 vult
1654 3446 1839 3544 impedire,
1865 3446 1921 3521 sed
1962 3466 2002 3515 et·

544 3536 681 3605 mittere
690 3585 699 3619 ,
716 3536 864 3625 ut.fianr;
880 3542 1064 3638 itadtleges
1078 3544 1236 3619 consensu
1250 3547 1302 3621 vel
1316 3548 1518 3639 authoritate
1534 3546 1759 3643 recipiuntur,
1778 3570 1920 3642 quarum
1933 3472 2004 3615 stirne

547 3653 603 3703 tna
619 3626 705 3727 saepe
719 3634 874 3729 injuriant
893 3645 1039 3737 portat,
1056 3667 1094 3716 ut
1107 3648 1241 3718 axioma
1262 3669 1440 3719 commune
1461 3640 1591 3717 asserit..
1629 3644 1723 3715 Dixi:
1749 3670 1806 3737 qut
1821 3648 1907 3737 paffit
1923 3642 2004 3729 effict-

547 3731 624 3800 titer
638 3733 785 3822 impediti.
836 3740 924 3833 Quia
940 3740 1141 3837 quandoque
1157 3742 1196 3828 ni
1210 3746 1349 3839 patmiffit
1367 3744 1461 3817 valde
1476 3738 1605 3839 abusae
1618 3734 1781 3831 sumitur,
1800 3744 1867 3827 uti,
1881 3758 1952 3815 cum
1964 3734 2007 3831 i⁰'

488 3886 492 3893 .
545 3826 653 3901 cando
669 3828 827 3929 dicimus:
850 3843 1069 3931 permitto,0ttt
1084 3846 1183 3936 pitter.
1832 3842 1871 3857 Ἣ

671 3963 833 4059 Qtaedatn
871 3966 918 4041 est
957 3970 1126 4067 permiffio
1164 3965 1274 4071 juris',
1322 3996 1396 4071 quae
1434 3968 1575 4046 consistit
1612 3974 1647 4043 in
1686 3972 1864 4065 negatione
1905 3962 2007 4068 proffi‘

366 4038 497 4182 anotm
544 4050 701 4143 bitionis3
735 4062 769 4133 dt
801 4063 871 4137 hac
911 4068 1036 4167 duplex
1072 4068 1145 4144 est:
1186 4074 1250 4144 alia
1279 4078 1447 4165 negativa,
1481 4072 1513 4144 dt
1543 4067 1686 4143 tonfistit
1723 4074 1757 4142 in
1795 4096 1887 4144 mera
1922 4084 2006 4155 πεί·

364 4126 502 4276 Peffl
549 4156 640 4227 tione
678 4166 838 4259 precepti
876 4164 911 4236 dt
948 4167 1213 4265 prohibitionis,
1261 4166 1394 4269 quando
1432 4192 1499 4241 non
1540 4172 1760 4266 precipitur,
1809 4194 1870 4242 ΜΘ
1904 4160 2005 4264 pmii·

366 4218 389 4335 s
503 4218 542 4287 ⁰²
552 4250 668 4337 betur,
701 4260 791 4351 quod
813 4284 875 4357 per
890 4261 922 4333 se
937 4264 1063 4338 maium
1085 4294 1152 4338 non
1175 4264 1239 4348 est,
1270 4290 1379 4361 oeque
1399 4288 1437 4337 ut
1453 4266 1518 4336 tole
1533 4266 1707 4362 prohiberi
1728 4266 1854 4365 potest,
1881 4262 2004 4363 qualiter

550 4350 697 4446 permissi
706 4355 770 4427 dici
787 4355 919 4455 possunt
934 4359 1024 4433 aiios
1034 4362 1263 4436 indifferentes
1278 4366 1315 4434 tit
1329 4362 1427 4447 tales,
1451 4362 1503 4435 vel
1518 4362 1631 4435 saltem
1647 4366 1779 4461 quando
1792 4364 1843 4436 lex
1860 4352 2005 4463 pretiste

549 4444 585 4519 se
599 4448 714 4537 habet,
739 4452 850 4528 aetum
865 4482 974 4531 tamen
990 4486 1056 4533 non
1072 4458 1153 4533 facit
1168 4458 1357 4543 honestum,
1376 4460 1503 4533 licitum
1517 4484 1573 4532 aut
1588 4461 1843 4557 impunibilem
1860 4484 1928 4557 qua
1941 4474 2005 4551 pto·

551 4549 630 4625 inde
650 4548 684 4625 dt
706 4548 1218 4660 consensu&ttsuretipiuntur,
1267 4557 1560 4661 Qtemadmodum
1582 4578 1830 4639 tnteheeett
1856 4564 2005 4635 Potasti·

1941 4660 2004 4749 ΙΝ
