4509 5550
510 568 584 658 264
750 643 762 662 p
959 510 1602 642 utssuntnnro'

512 739 588 840 quis
602 729 761 832 poteslas,
787 730 892 803 necin
907 731 1140 815 convocando,
1167 753 1225 804 aut
1242 727 1417 822 dirigendo
1437 731 1616 829 ptecipuae
1637 728 1835 830 cujttsquam
1857 729 2009 812 fuerunt

511 859 637 938 partes.
688 828 951 916 nustotitatcm,
976 857 1049 929 quae
1072 829 1209 902 subinde
1229 831 1263 900 in
1287 855 1354 903 uno
1376 827 1523 903 alterove
1544 830 1727 913 eminebat,
1760 858 1826 903 non
1846 839 2007 908 muneris

512 939 619 1015 ratio,
644 930 702 1003 sed
715 953 772 1002 aut
783 929 963 1024 prudentia
982 955 1038 1002 aut
1053 953 1148 1014 etas,
1174 951 1231 1002 aut
1245 924 1411 1001 fortitudo
1428 929 1636 1017 conciliarit3
1661 934 1767 1004 Prout
1778 930 1850 1005 baec
1864 929 2008 1006 abunde

512 1029 1052 1122 licetcolligereerTacr'ro'
1852 1055 1855 1058 ·

555 1166 572 1202 ¹*
591 1167 642 1234 De
652 1165 795 1228 Moribus
809 1161 915 1226 Germ.
933 1160 1007 1244 Cap.
1021 1160 1079 1226 Xl.
1103 1161 1187 1224 Mox
1200 1160 1270 1224 Rex
1280 1161 1325 1223 vel
1339 1160 1499 1245 Princeps,
1509 1133 1604 1246 prout
1616 1169 1690 1225 atas
1703 1161 1826 1244 tuique,
1837 1169 1933 1246 prout
1946 1182 2007 1224 no-
2057 1146 2058 1151 ἵ

630 1249 750 1326 bilitas„
777 1255 870 1329 prout
887 1245 973 1307 dctus
994 1246 1156 1318 beliorum,
1184 1253 1279 1327 prout
1290 1241 1441 1326 facundia
1459 1243 1517 1330 cll,
1538 1243 1711 1310 audiuntur·
1728 1241 1910 1310 teneritate
1921 1243 2007 1328 sua·

632 1329 725 1396 dandi
741 1331 858 1413 magis,
883 1344 974 1416 quam
984 1325 1113 1414 jubendi
1123 1327 1278 1412 potestate.

1194 1496 1228 1617 a}
1283 1521 1336 1594 11.

633 1651 701 1728 Sub
714 1653 863 1750 Regibus
875 1660 1083 1728 Francorum
1098 1654 1250 1754 publicos
1265 1659 1366 1728 etiam
1381 1681 1420 1729 ex
1434 1679 1529 1731 more
1543 1657 1650 1751 gentis
1660 1653 1852 1729 Conventus
1868 1651 2004 1728 habitos
2048 1726 2059 1761 a

515 1747 612 1826 fuisse
621 1755 828 1852 exploratum
838 1752 883 1826 esl
898 1756 944 1840 1).
968 1760 1051 1825 Non
1067 1776 1178 1826 tamen
1195 1756 1342 1826 occurrit
1354 1754 1478 1826 ibidem
1492 1757 1654 1852 praecipui
1667 1754 1804 1846 alicujus
1818 1755 2003 1826 circadiri·

517 1852 663 1946 gendum
693 1855 786 1948 Juris
813 1851 1005 1944 vclligium;
1031 1852 1118 1924 nulla
1143 1857 1231 1922 enim
1254 1855 1434 1924 Procerum
1457 1855 1495 1923 ad
1519 1851 1793 1924 consultationem
1825 1851 1942 1923 saltem
1958 1851 2001 1941 2)

516 1972 731 2020 evocatorum
748 1974 825 2022 tunc
842 1951 949 2020 adbuc
966 1946 1104 2020 stabilita
1122 1955 1342 2044 prerogativa
1365 1953 1465 2041 Regia
1490 1945 1604 2046 passim
1627 1950 1797 2048 presentis
1820 1946 2002 2021 auiloritas

516 2067 590 2117 rem
606 2071 739 2118 omnem
755 2045 814 2117 suo
827 2045 966 2118 arbitrio
980 2047 1235 2131 moderabatur,
1264 2052 1299 2142 3)
1314 2053 1414 2142 genio
1428 2050 1571 2119 nationis
1587 2071 1693 2122 certas
1711 2049 1847 2143 negotia
1858 2041 2004 2121 tradan-

517 2143 554 2214 di
572 2139 735 2216 formulas
751 2141 949 2216 secludente.

560 2276 597 2357 1)
618 2275 693 2345 Vid.
709 2276 984 2340 thcaanns
1002 2277 1098 2360 Epist.
1113 2297 1144 2360 3.
1161 2277 1200 2340 ad
1211 2275 1351 2340 Franciae
1362 2273 1539 2360 Episcopus
1558 2277 1591 2360 §.
1606 2226 1685 2363 292·
1797 2317 1801 2327 -

559 2395 600 2478 α)
623 2391 738 2458 Scau
750 2413 786 2459 v,
803 2391 898 2476 Corp.
916 2393 1033 2458 Histor.
1047 2393 1153 2459 Germ.
1170 2392 1292 2457 Petiod.
1306 2392 1364 2458 111.
1381 2394 1416 2475 S.
1428 2413 1480 2477 37.
1591 2439 1595 2446 ·

488 2545 492 2552 ·
558 2511 596 2596 3)
619 2497 1259 2583 communicationibus.
1281 2510 1484 2594 adAn.852.
1506 2503 1896 2592 Scauv.l.cit.§.39.

1154 2729 1209 2832 t.
1259 2728 1336 2807 111.
1381 2762 1388 2776 x

632 2880 746 2953 Exhis
759 2882 866 2972 igitur
884 2876 1117 2961 conventibus,
1142 2882 1201 2976 qui
1216 2880 1379 2952 hodierna
1400 2872 1545 2949 Comitia
1565 2876 1621 2949 vir
1634 2872 1850 2959 adumbrant,
1873 2896 1995 2975 patum

425 3057 430 3063 ,
517 3000 575 3052 aut
589 2979 672 3049 nihil
684 2978 810 3049 desumi
828 2976 934 3073 potest
949 2978 990 3049 ad
1006 2977 1259 3057 declarandum,
1277 2975 1575 3071 stabiliendumque
1592 2972 1844 3057 Diteilorium‚
1870 2972 1996 3071 quode

517 3102 605 3147 nunc
621 3077 762 3165 agimus.
814 3078 968 3147 Certiora
983 3072 1082 3169 hujus
1098 3079 1149 3147 rei
1168 3072 1306 3146 subsidia
1321 3097 1506 3170 atempore
1520 3078 1685 3145 Ottonum
1701 3071 1913 3143 deducimusc
1939 3070 1995 3142 ubi
2057 3145 2058 3156 p

516 3168 715 3245 Presulibus
736 3174 947 3264 Mogontinis
966 3173 1071 3244 Archi
1098 3172 1357 3244 cancellariatus
1382 3196 1445 3269 pec
1464 3172 1651 3269 Imperium
1673 3171 1996 3242 Romano-Germa·
2057 3239 2058 3246 χ

517 3272 630 3341 tticum
653 3266 772 3360 obtigit
791 3294 856 3339 non
871 3266 1031 3351 fortuito,
1056 3294 1116 3342 nec
1134 3268 1187 3342 iia
1210 3266 1309 3354 facil,
1333 3293 1395 3341 nec
1419 3292 1631 3367 temporum,
1653 3268 1776 3363 injuria
1798 3266 1994 3347 velificante,
2057 3323 2058 3332 ,

516 3367 642 3537 abac
658 3367 843 3439 multorum
859 3364 1052 3460 ittfignium,
1079 3392 1153 3465 quet
1174 3368 1277 3443 hodic
1290 3370 1326 3441 in
1343 3369 1496 3465 Imperio
1513 3365 1555 3439 ab
1574 3365 1647 3437 aliis
1663 3387 1835 3450 tenentur,
1860 3366 1996 3464 Jucium

558 3466 813 3538 ccuntinitia.il
1389 3464 1392 3468 ’
1470 3504 1473 3509 -

557 3588 661 3667 ff'vit.
683 3581 847 3663 Sinuv.
869 3594 1004 3683 Syutag.
1023 3596 1088 3673 Jnt.
1108 3596 1196 3668 Publ.
1222 3620 1250 3667 c.
1267 3596 1300 3665 6.
1322 3596 1355 3683 §.
1378 3608 1430 3685 γε.

1168 3782 1204 3892 §.⁴
1246 3797 1325 3873 lv.

631 3942 830 4037 Eminebaot
845 3947 880 4017 in
898 3944 1096 4021 Praesulibus
1118 3948 1329 4044 Moguntinia
1353 3970 1522 4047 nunquam
1537 3942 1614 4020 sacis
1637 3945 1803 4046 pensanda
1822 3970 1902 4042 erga
1923 3972 1994 4023 tem
2057 3981 2058 3988 ¹

516 4040 736 4121 Christianam
755 4044 972 4142 &politicam
988 4050 1089 4117 totius
1109 4048 1300 4122 Germaniae
1319 4050 1449 4117 merita.
1476 4051 1512 4140 r)
1562 4050 1647 4118 Haec
1669 4044 1902 4145 amplissmum
1924 4071 1995 4118 mu·

516 4170 578 4216 nus
595 4144 634 4213 iia
648 4142 867 4215 deferendum
883 4142 916 4214 dr
940 4142 1075 4214 tandem
1089 4142 1194 4216 stabili
1214 4144 1288 4237 lege
1304 4144 1383 4214 Sedi
1401 4167 1520 4215 eorum
1538 4142 1780 4217 annellendum
1797 4143 1992 4217 suadebant:

472 4330 475 4337 Ι
516 4248 671 4339 Cumque
694 4236 897 4313 successores
919 4238 1074 4310 omnibus
1099 4244 1247 4313 muneris
1262 4239 1361 4335 liujus
1383 4240 1535 4337 partibus
1559 4240 1796 4335 religiofissme
1813 4242 1990 4339 implendis

514 4338 602 4412 nihil
623 4334 728 4413 deesse
751 4359 963 4435 paterentur,
991 4361 1076 4409 nova
1099 4334 1232 4436 semper
1253 4339 1457 4409 incrementa
1476 4339 1585 4415 eidem
1598 4338 1781 4421 accesere,
1809 4338 1992 4412 &tandem

514 4437 622 4511 extitit
639 4436 780 4509 maxima
803 4432 983 4510 l’caesulum
1001 4437 1284 4531 Mogontinorum
1309 4432 1490 4511 eublotitas
1510 4440 1546 4512 io
1565 4436 1750 4534 dirigendis
1776 4438 1920 4536 Imperii
1937 4460 1991 4517 net

514 4536 625 4630 gattis.
660 4535 700 4627 a)

1885 4663 1926 4747 ι)
1946 4662 1992 4729 De
