4509 5550
502 587 573 664 594
708 565 746 665 ᾗ
901 523 1529 630 'nissaararto

500 740 708 822 obseruatio,
734 735 838 810 hocce
852 729 990 832 syllema
1006 729 1067 806 else
1083 755 1277 829 temporum
1297 735 1477 804 nouiorutn
1499 753 1652 828 parrum,
1671 733 1725 827 (§.
1743 731 1897 828 xxtlt.)
1918 705 1980 829 jam

499 840 660 941 profligat
681 837 801 908 bonam
822 833 992 932 ipsorum,
1017 855 1117 928 quam
1133 831 1269 924 volunt,
1295 829 1434 904 eausam.
1490 829 1693 902 Consensum
1714 829 1919 928 expressum,
1945 833 1983 904 ad

499 963 600 1036 quern
617 941 644 1006 l.
662 957 849 1034 prouocare
864 953 993 1014 amant,
1014 932 1068 1020 (ὃ.
1084 932 1161 1021 ΙΧ.)
1187 954 1359 1026 nunquam
1380 928 1580 1025 probabunt.
1630 927 1860 1010 Testimonia,
1895 934 1985 1026 queis

409 1031 415 1038 ’
500 1041 706 1117 innituntur,
738 1031 811 1102 sunt
835 1027 1021 1118 testimonia
1043 1032 1248 1107 recentiora,
1282 1053 1428 1126 quorum
1454 1026 1537 1098 sdes
1561 1027 1615 1100 vel
1638 1052 1677 1098 er
1695 1025 1765 1100 solo
1782 1033 1984 1098 Coaeuorum

499 1135 628 1209 blentio
645 1157 711 1202 non
728 1127 904 1226 possetnon
916 1121 1143 1222 suspeilaelse.
1165 1127 1262 1196 Silua
1274 1128 1409 1196 interim
1419 1123 1547 1198 sttfides
1563 1148 1699 1209 oorom;
1716 1129 1983 1205 nouioreseoim,

498 1233 522 1306 st
539 1227 708 1310 fatemur,
731 1226 820 1322 quod
837 1249 889 1297 res
907 1221 972 1305 est,
999 1221 1056 1294 sub
1073 1223 1218 1314 tegmine
1233 1226 1524 1320 aequiuocationis,
1542 1225 1664 1294 horum
1678 1223 1864 1294 abutuntur
1879 1221 1985 1294 au'clo·

469 1399 477 1422 ,
499 1335 608 1404 ritate.
660 1329 710 1397 Sit
725 1319 879 1422 profesio
896 1317 1093 1392 reformatio
1111 1315 1257 1416 suscepta
1269 1323 1398 1410 [triduis
1412 1323 1614 1414 iastaariffiore
1627 1323 1812 1413 petentibus,
1848 1327 1986 1414 urgeari-

495 1433 625 1520 husqaes
649 1421 687 1494 sit
702 1424 816 1510 noanist
832 1426 1033 1513 theologorum
1049 1425 1113 1494 zelo
1130 1421 1165 1493 ss
1180 1418 1294 1508 φημι
1306 1423 1514 1512 plerorumque
1527 1445 1566 1488 ex
1579 1425 1656 1490 clero
1677 1423 1711 1494 ss
1729 1425 1834 1518 populo
1858 1424 1984 1488 muratis

496 1533 639 1624 paralio:
664 1523 793 1615 (§.1X.
815 1519 866 1611 h.)
894 1519 1042 1588 nondum
1066 1517 1240 1586 euincetur
1261 1513 1433 1588 consensus
1454 1511 1638 1611 expressus,
1688 1517 1792 1586 Haud
1814 1541 1914 1611 aequa
1934 1521 1984 1585 Se·

389 1688 393 1694 ,
473 1611 678 1721 ’ῳιεὶαείὶῑ
717 1617 836 1688 subditi
854 1620 981 1712 petiere
1007 1613 1191 1694 medelam3
1224 1610 1343 1684 subditi
1370 1616 1404 1684 in
1429 1612 1534 1710 ipsam
1548 1609 1750 1686 consensere
1771 1610 1983 1684 reformatio·

498 1713 593 1796 neme
620 1743 702 1809 ergo
720 1714 840 1787 subditi
854 1713 930 1808 jura
948 1716 980 1782 in
994 1707 1213 1782 ecclesiasticis
1229 1713 1262 1782 io
1284 1713 1455 1807 Principes
1474 1711 1685 1783 transtulere.
1733 1708 1902 1782 Distincla
1917 1713 1982 1780 hac

498 1819 591 1900 sunt,
617 1838 762 1910 quorum
777 1837 878 1884 vnum
894 1837 958 1880 non
976 1809 1120 1880 inuoluit
1133 1807 1235 1880 aliud.
1284 1813 1394 1906 Qram
1412 1835 1531 1904 porum
1548 1834 1586 1879 ex
1602 1801 1848 1880 reformatione
1865 1809 1979 1878 dicece-

497 1903 1977 2004 sanisinstantissimepetentibus,vrgentibusque,exreformationenonnisttheologorum

496 2016 569 2084 zelo
588 2012 618 2082 lit
635 2007 756 2079 alsensu
773 2007 1013 2102 plerorumque
1030 2029 1067 2074 ex
1081 2004 1171 2073 clero
1191 2003 1385 2098 &populm
1410 2007 1448 2074 ab
1467 2008 1602 2098 Episcopo
1624 2011 1655 2073 in
1676 2006 1878 2094 ecclefiastirrs
1900 2027 1977 2097 pera·

497 2119 564 2182 lias
588 2133 686 2204 quam
703 2127 824 2198 parum
838 2127 876 2172 cx
889 2099 1035 2196 suscepta
1051 2099 1188 2170 subditis
1205 2099 1411 2194 petentibus,
1446 2101 1706 2197 ingentibusque
1727 2129 1747 2170 a
1769 2107 1901 2172 Domino
1921 2124 1977 2170 ter·

496 2210 630 2282 altoriali
648 2211 678 2272 in
694 2205 821 2292 politicis
835 2201 1067 2285 reformatione,
1101 2197 1142 2265 od
1161 2195 1235 2288 jura
1250 2199 1417 2287 daotcsanis
1436 2203 1470 2273 bi
1488 2203 1612 2284 [abluis
1634 2201 1792 2295 propria,
1828 2197 1887 2270 seu
1906 2199 1975 2293 jura

497 2299 624 2378 uotiuisr
640 2299 738 2370 titulo
754 2285 884 2394 speciali
906 2291 1087 2365 exercenda
1103 2289 1234 2364 inserte
1248 2293 1340 2364 licet:
1369 2321 1436 2366 rant
1460 2321 1580 2392 parum
1598 2321 1637 2366 ex
1658 2293 1815 2368 consensu
1832 2300 1869 2367 io
1885 2291 1973 2369 susci·

495 2401 653 2504 piendam
670 2421 740 2468 tum
756 2399 919 2490 temporis
936 2387 1231 2484 reformationem,
1262 2393 1303 2464 ad
1322 2393 1449 2487 jurium
1472 2390 1751 2465 in‘ecelestaslicis
1774 2391 1972 2465 administra·

493 2507 620 2574 tionem
647 2496 762 2580 nonnis
780 2517 818 2562 ex
842 2492 980 2576 consensu
1002 2495 1073 2562 cleri
1098 2494 1133 2565 li
1154 2495 1252 2581 populi
1271 2491 1513 2585 peragendam,
1536 2515 1636 2587 atque
1651 2489 1823 2586 perusiam
1846 2491 1972 2565 conclu·

494 2591 636 2671 dereses
653 2591 707 2664 est.
756 2590 860 2672 Aliis,
885 2589 976 2663 haud
991 2589 1171 2684 aequiuocis
1186 2583 1342 2657 formulis
1362 2587 1502 2658 uniuersi
1516 2589 1617 2669 cleri,
1634 2593 1667 2678 a)
1694 2591 1884 2688 populique
1903 2614 1972 2660 eon·

493 2694 604 2771 sensus
624 2689 846 2767 exhibendus,
872 2688 962 2768 aliis,
995 2682 1303 2756 ratiocinationibus
1325 2683 1432 2781 ipsum
1454 2687 1679 2762 translationis
1702 2683 1829 2758 sallum
1857 2689 1971 2787 produ·

494 2795 636 2871 cendum
654 2791 729 2861 erit.
781 2785 845 2855 Vel
862 2781 937 2882 ipst,
964 2808 1108 2879 quorum
1125 2783 1287 2853 extollunt
1302 2784 1549 2866 nulloritatem,
1576 2782 1774 2879 scriptores,
1794 2812 1897 2883 quarn
1909 2788 1971 2858 loo·

496 2918 538 2987 ge
551 2888 591 2960 ab
609 2883 772 2983 ejusmodi
789 2878 966 2953 distiterint
978 2876 1121 2964 affertis,
1147 2882 1271 2978 partim
1284 2905 1323 2955 ex
1337 2883 1477 2967 iisdem,
1499 2886 1530 2973 b)
1553 2884 1734 2980 partiates
1749 2884 1821 2957 airis
1840 2888 1970 2957 illorum

415 2990 420 2998 ’
492 2990 625 3085 scriptis
644 2987 675 3077 t)
701 2984 828 3078 optime
845 2976 1011 3057 discimus.
1824 3014 1846 3119 q
1872 3022 1968 3091 xxv,

534 3160 572 3240 a)
591 3152 701 3226 Liceat
721 3149 815 3226 mihi,
837 3148 961 3213 caeteris
974 3146 1117 3235 paribus,
1146 3144 1199 3210 hic
1211 3144 1315 3212 iacere
1330 3163 1416 3225 mea,
1441 3168 1513 3233 quae
1528 3152 1652 3217 ratione
1666 3151 1832 3217 cousensus
1849 3154 1922 3217 cleri
1936 3155 1974 3214 irs

598 3234 627 3321 s
643 3239 699 3299 ecia
717 3234 856 3297 notanda
874 3234 1024 3303 veniunt3
1048 3244 1143 3311 atque
1158 3252 1175 3292 a
1191 3232 1222 3292 tu
1232 3252 1254 3293 o
1264 3254 1279 3293 s
1289 3252 1345 3296 rra
1357 3252 1373 3295 1
1384 3254 1411 3293 u
1426 3236 1460 3297 r'n
1473 3237 1539 3297 dem
1552 3238 1748 3319 ollgrmaer'nro
1761 3234 1968 3299 Kr'rtlterrreclrs

606 3258 662 3381 ser
674 3316 880 3401 Protrslonltrt
894 3330 966 3396 pog.
983 3332 1053 3395 573.
1071 3311 1133 3393 jam
1147 3314 1277 3395 pulchre
1290 3312 1473 3376 obseruata:
1503 3316 1645 3389 „Unlete
1656 3318 1883 3401 Euangelische
1894 3316 1967 3380 Pilt-

500 3468 504 3476 ,
605 3402 672 3466 ileo
693 3398 816 3479 ftagten
838 3414 928 3459 zwat
947 3394 1022 3456 stets
1047 3390 1096 3457 die
1115 3394 1307 3459 Geistlichen
1324 3398 1353 3458 in
1371 3398 1552 3479 geililichen
1568 3398 1713 3483 Diogen,
1738 3403 1799 3463 else
1815 3400 1857 3464 ste
1871 3413 1965 3464 etwas

604 3480 833 3547 onternahnten
844 3478 896 3556 (R.
911 3476 949 3541 A.
963 3479 1002 3538 de
1017 3476 1054 3539 A.
1066 3496 1156 3559 1555.
1172 3478 1205 3559 δ,
1221 3497 1290 3558 140.
1304 3481 1401 3541 darzu
1414 3480 1495 3541 auch
1491 3481 1598 3623 ssjeder
1614 3486 1673 3547 mit
1685 3484 1788 3546 seinen
1800 3484 1965 3547 Gelelttteo

604 3568 669 3629 trud
694 3562 875 3643 Theologis
894 3559 957 3623 fich
979 3559 1181 3621 mitletweile
1204 3560 1378 3623 dermalsen
1402 3560 1488 3625 versa
1514 3584 1552 3624 en
1577 3560 1657 3637 Gru.)
1681 3566 1745 3627 und
1766 3568 1829 3630 wir
1850 3566 1963 3629 wolleo
2036 3603 2037 3606 =

482 3680 485 3689 ·
602 3647 692 3710 nicht
706 3648 798 3708 datan
814 3642 980 3715 aweiflen,
1003 3640 1069 3703 dass
1084 3642 1392 3708 blnnnncatrou
1413 3646 1476 3707 und
1497 3646 1611 3709 andere
1626 3648 1689 3731 bey
1705 3650 1776 3710 dem
1791 3648 1963 3731 Religions·

490 3800 497 3805 ,
603 3728 627 3793 F
629 3730 733 3793 rieden
748 3726 813 3791 stud
836 3726 962 3808 gelragt
976 3724 1121 3787 worden.
1164 3722 1272 3787 Allein
1287 3726 1368 3787 diele
1383 3724 1447 3789 fintl
1459 3728 1510 3791 die
1522 3746 1627 3808 gauze
1639 3730 1858 3794 Geililichlteit
1872 3730 1960 3795 nicht.

602 3812 756 3875 Mnaau
766 3830 784 3871 c
794 3828 847 3870 nr
857 3830 877 3869 u
887 3828 909 3869 n
926 3809 961 3869 ist
978 3806 1109 3869 hiemals
1122 3807 1174 3867 ein
1189 3806 1275 3869 Prodi
1300 3826 1334 3869 et
1348 3808 1512 3900 gestisset),
1529 3812 1581 3873 oie
1595 3812 1710 3877 andern
1724 3812 1876 3877 vieleieht
1889 3810 1961 3875 auch

602 3893 713 3966 nicht;
739 3891 801 3953 und
816 3890 954 3971 gesetzt,
983 3887 1049 3950 dass
1069 3886 1110 3951 lie
1130 3907 1165 3949 es
1183 3826 1348 3969 gewesen:
1378 3892 1411 3953 so
1426 3890 1512 3973 lolgt
1529 3892 1613 3955 doch
1634 3894 1741 3967 nicht,
1776 3896 1845 3960 dass
1866 3898 1906 3959 sae
1924 3896 1962 3957 iot

601 3974 746 4041 Nabmen
769 3972 844 4033 aller
859 3971 943 4035 ihrer
964 3974 1077 4033 Amts·
1093 3968 1211 4031 brudei
1225 3974 1376 4051 geredet,
1405 3974 1469 4035 und
1483 3974 1550 4038 drls
1570 3974 1612 4038 sie
1629 3975 1816 4043 Vollmacht
1834 3999 1900 4041 von
1913 3977 1963 4039 det

601 4074 727 4141 ganzen
747 4052 963 4117 Geirilichkeit
985 4050 1101 4133 gehabt
1116 4050 1246 4113 haetten.
1293 4052 1394 4118 Weno
1414 4057 1477 4119 wit
1492 4056 1572 4119 nach
1594 4056 1773 4123 Schweden
1793 4062 1858 4122 und
1874 4064 1962 4123 Daen·

469 4160 480 4171 '¹
600 4137 730 4203 nemark
751 4137 871 4219 gehen:
901 4134 934 4199 so
954 4134 990 4197 ist
1004 4153 1060 4217 gar
1073 4132 1155 4197 diele
1174 4133 1419 4220 Genehmiguog
1435 4140 1490 4203 der
1503 4138 1718 4205 Geisilichkeit
1738 4143 1961 4207 tiichtheraus·

600 4224 787 4303 zubringen.
889 4230 896 4239 ‘
1675 4216 1682 4227 '
1793 4232 1797 4239 ·

528 4329 561 4407 ir)
586 4325 625 4392 Si
643 4346 671 4390 o.
692 4345 724 4409 g.
739 4322 931 4387 Coccsu
952 4318 971 4383 l.
985 4319 1034 4382 'ria
1055 4319 1085 4381 in
1110 4318 1238 4403 integro
1255 4316 1310 4381 suo
1331 4328 1489 4386 contextu
1512 4319 1619 4404 legrsr
1643 4324 1710 4385 imo
1729 4324 1784 4389 vel
1798 4322 1860 4407 ipsa
1879 4294 1959 4407 sopri

600 4408 653 4489 (ᾗ.
672 4406 732 4471 IX.
746 4406 791 4477 lr.)
804 4404 896 4499 allata
914 4403 1030 4495 verbor
1059 4400 1146 4483 „lpfi
1165 4409 1199 4464 in
1219 4400 1466 4486 territoriissair
1484 4407 1590 4486 uigore
1606 4406 1839 4491 potessotr'ssaoe
1854 4409 1958 4493 regalis

491 4486 503 4503 ‘
600 4486 771 4570 reformare
788 4486 1003 4571 instituerant„
1020 4502 1085 4563 Jatn
1098 4484 1158 4545 alia
1170 4484 1319 4569 produnt.
1369 4531 1372 4538 t

524 4591 554 4675 ι)
574 4588 662 4754 Vpp}
670 4605 747 4749 unq.
763 4588 796 4671 ὃ.
817 4583 952 4651 XVIII.
966 4592 1029 4689 ool.
1043 4602 1070 4649 r.
1082 4602 1113 4667 ρ.
1126 4602 1176 4669 73.
1192 4582 1225 4669 S.
1241 4586 1290 4651 rit.
1304 4592 1373 4699 ‚m
1393 4605 1432 4652 cr.
1444 4600 1519 4672 pag.
1532 4602 1583 4668 75.
1598 4577 1658 4671 seq.
1672 4580 1712 4651 Θ
1727 4584 1747 4651 l.
1761 4584 1813 4653 all.
1824 4596 1886 4654 rot.
1898 4582 1954 4651 Ill.
2028 4656 2035 4669 ⁶
