4509 5550
840 561 845 564 ’
888 545 1295 626 DISSERTATIO
1347 549 1537 646 PRIMA
1638 545 1642 551 ’

596 749 664 794 rere
683 731 793 816 piebem
810 727 868 814 fibi
888 727 1086 813 commissam,
1118 727 1158 794 tr
1180 728 1223 793 ad
1242 731 1335 796 αίίιιηι
1352 732 1498 813 poputum
1517 747 1574 813 per
1593 729 1789 796 ambitionem
1811 729 1962 818 monstro.-

599 824 669 878 tuno
689 817 768 876 euim
787 818 987 878 contentiones
1006 815 1171 886 oriantur,
1201 821 1271 874 tuno
1291 811 1453 892 schismata
1469 815 1621 895 grootoro
1640 817 1790 896 occipiunt
1797 833 1810 883 ,·
1837 833 1903 877 oum
1920 812 1962 880 fi?

599 897 663 968 iiii,
691 897 746 978 qui
766 893 921 973 amiserint
934 894 1139 979 sacerdotem,
1181 914 1228 956 me
1247 893 1349 956 dolore
1362 897 1461 957 animi
1474 889 1528 976 effe
1543 915 1604 958 uon
1615 895 1739 980 poffint,
1763 893 1802 958 ss
1821 897 1887 968 ilii,
1907 895 1965 978 qui

598 980 727 1040 osterum
743 979 877 1040 ciuitatis
894 979 1059 1060 acceperint
1078 977 1144 1060 Epi
1159 995 1280 1058 topum,
1302 976 1417 1060 etiamst
1433 977 1608 1060 gaudeant,
1635 973 1822 1057 invidiosum
1834 977 1893 1061 fidi
1909 981 1965 1040 t'u-

511 1065 517 1070 '
600 1061 740 1138 redigant
758 1057 849 1140 forr,
869 1060 1048 1142 subdidero
1062 1055 1099 1140 se
1120 1076 1214 1138 agere
1231 1055 1393 1138 sacerdote.
1455 1056 1607 1120 Coustont
1628 1059 1697 1123 libr.
1721 1060 1774 1122 cit.
1797 1078 1869 1141 pag.
1890 1071 1964 1140 538.

600 1141 683 1216 Quae
699 1140 782 1202 enim
803 1141 955 1216 desertio,
985 1159 1056 1223 quae
1072 1141 1257 1209 contentio,
1280 1142 1365 1219 quod
1384 1137 1526 1213 schisma,
1549 1140 1620 1222 quis
1637 1140 1758 1215 luston,
1789 1159 1860 1222 quae
1877 1140 1966 1206 iovi·

601 1223 673 1296 diu,
700 1213 774 1286 durio
792 1222 855 1285 hoc
870 1223 984 1286 soeculo
1007 1220 1182 1286 briderium
1204 1221 1330 1284 Carolus
1351 1243 1393 1284 ex
1413 1220 1446 1284 S.
1461 1221 1496 1284 R.
1518 1221 1543 1284 1.
1588 1223 1766 1286 Comitibus
1787 1224 1826 1283 de
1843 1221 1968 1287 Sohun-

600 1305 700 1390 botn,
731 1307 866 1368 titularis
884 1304 1180 1385 Arcadiaropoieos,
1210 1301 1374 1366 taottset
1390 1303 1619 1389 Bamdo·getrfis
1636 1303 1838 1388 Episcopus?
1876 1305 1967 1380 Aut,

602 1388 677 1450 dum
701 1385 966 1450 Eminentifflmus
985 1385 1142 1448 Dominus
1159 1383 1264 1446 noster
1279 1381 1424 1466 &oannes
1440 1385 1598 1470 Istiiippur
1612 1409 1655 1449 ex
1672 1385 1842 1470 iutrarenfi
1857 1387 1969 1450 titulu-

486 1527 487 1532 ,
602 1469 647 1539 ri,
669 1469 768 1548 quotis
783 1469 852 1552 post
868 1468 1142 1532 confirmationem
1156 1465 1366 1547 coadjutotiae
1382 1462 1560 1539 creabatur,
1584 1466 1743 1531 &ordino
1786 1481 1854 1541 tur,
1876 1468 1969 1531 thro·
2073 1498 2074 1501 ¹

604 1570 679 1614 num
704 1549 907 1630 stromensem
922 1550 1121 1620 conscendit,
1146 1547 1210 1610 fine
1226 1549 1339 1628 quovis
1355 1549 1540 1614 translativa
1556 1549 1668 1614 bolla?
1702 1548 1751 1612 Ta
1765 1572 1799 1613 en
1815 1570 1881 1612 non
1897 1551 1970 1616 sunt

605 1632 767 1700 constituti
781 1632 849 1696 adu
870 1633 900 1697 iu
917 1632 1121 1696 matrimonio
1138 1629 1304 1712 spirituali,
1321 1629 1651 1716 sedpotentiasolum
1667 1651 1739 1694 nom
1756 1631 1970 1696 Tridentinum

488 1705 500 1719 ’
607 1711 682 1779 Sess'.
707 1734 754 1795 14.
775 1733 843 1798 cup.
864 1731 894 1778 u.
918 1714 957 1776 de
978 1713 1106 1776 reform.
1128 1720 1228 1774 vocat
1242 1731 1300 1790 eos
1320 1713 1403 1774 ssero
1416 1723 1568 1788 tarentas,
1597 1711 1671 1794 &p
1711 1715 1761 1776 oio
1779 1713 1970 1800 sitrisit‘anoe

607 1799 678 1880 quis
692 1815 799 1859 cereos
814 1815 920 1859 uxore
933 1797 1055 1859 dicetur
1068 1793 1253 1856 uxoratus?
1283 1793 1366 1858 Vide
1383 1795 1545 1858 distamen
1561 1795 1597 1856 od
1614 1798 1661 1858 tit.
1673 1735 1715 1858 Vr
1729 1794 1868 1882 postulat.
1887 1797 1973 1863 Pra-

609 1881 663 1944 iot.
685 1881 767 1942 inter
789 1879 989 1960 quaestiones.
1037 1876 1190 1947 Interim,
1221 1877 1298 1938 teste
1321 1877 1471 1958 Ripaott'r'o
1493 1879 1524 1939 iu
1545 1877 1623 1951 Reg.
1647 1897 1675 1942 1.
1699 1877 1870 1944 Cancelsor.
1892 1881 1918 1951 s.
1937 1901 1970 1962 7.

610 1979 696 2024 num.
718 1969 788 2043 78.‚
817 1959 1051 2022 consueverunt
1067 1957 1176 2020 summi
1194 1956 1364 2020 Pontifices
1381 1956 1568 2040 Episcopum
1585 1955 1780 2033 Titulorem,
1810 1961 1974 2040 provisum

609 2043 649 2105 de
662 2039 796 2122 secunda
817 2040 975 2112 Ecclesto,
1022 2042 1113 2101 otiam
1136 2041 1170 2100 in
1197 2040 1338 2120 portibus
1359 2039 1526 2122 infidelium
1547 2041 1709 2126 existente,
1761 2041 1926 2110 absolvere
1952 2064 1973 2108 u

610 2125 761 2198 viuculo,
784 2141 848 2206 quo
865 2125 965 2207 priori
979 2123 1146 2186 tenebatur
1160 2119 1319 2186 Eccieiiae.
1787 2146 1792 2150 ·

547 2281 607 2348 IX.
633 2283 718 2348 Non
740 2274 785 2349 est
808 2281 989 2368 translatio,
1014 2275 1066 2351 vei
1083 2275 1247 2367 transtrtr,
1274 2273 1329 2344 illo
1347 2271 1490 2370 species,
1512 2299 1587 2372 quoe
1605 2274 1685 2346 oiim
1700 2273 1854 2369 singulari
1869 2283 1976 2353 numi·

500 2395 544 2441 ne
566 2374 736 2446 dicebatur
756 2375 974 2446 incardinatus
1006 2374 1085 2444 dom
1101 2397 1223 2469 nempe
1237 2369 1439 2467 Episcopus,
1464 2394 1525 2466 per
1542 2370 1774 2456 hostilitatem,
1797 2374 1849 2446 vel
1866 2378 1974 2473 plebio

500 2467 715 2550 seditionem,
741 2471 798 2542 suo
819 2469 894 2546 sede
918 2469 1030 2568 pulsus
1046 2470 1142 2541 citeri
1156 2467 1340 2568 preficitur
1353 2471 1499 2551 civitoti3
1532 2471 1610 2563 quio
1625 2475 1811 2542 incardinato
1832 2478 1976 2564 eiusntodt‘

502 2565 618 2642 deerat
638 2573 673 2644 in
692 2565 832 2642 secundo
850 2565 990 2642 Ecclefio
1003 2577 1208 2663 perpetuitas
1234 2591 1329 2648 nom,
1352 2562 1491 2640 cessante
1505 2564 1701 2652 hostilitate,
1726 2566 1780 2642 vel
1796 2567 1977 2661 seditione,

502 2664 656 2766 expulsos
672 2666 847 2742 tenebatur
860 2669 983 2742 reverti
998 2663 1038 2737 td
1054 2668 1206 2768 priorem
1221 2660 1378 2738 sedem*
1809 2688 1819 2702 ·

543 2834 561 2873 ¹⁸
581 2834 716 2902 Pulcher
735 2844 846 2905 textus
865 2839 898 2902 in
917 2856 982 2902 can.
1003 2852 1054 2917 42.
1073 2834 1148 2903 Vll.
1171 2853 1200 2917 q.
1223 2850 1273 2908 1.,
1295 2832 1349 2895 ubi
1369 2831 1401 2898 S.
1430 2833 1602 2919 Gregorius
1618 2832 1661 2899 tt.
1683 2830 1846 2918 &oannem
1863 2838 1979 2905 civito·

619 2919 663 2981 tis
691 2915 862 3001 Lissitana,
892 2920 930 2981 ob
956 2916 1098 2981 hostibus
1127 2926 1249 2997 coptae,
1277 2914 1486 2999 Episcopum,
1515 2916 1678 2980 constituit
1704 2920 1895 2984 Cardiraiem
1917 2922 1980 2987 Sa·

619 2996 766 3061 terdotem
777 3000 810 3061 in
827 2996 1012 3082 Stydatt'tta,
1035 3018 1105 3080 quae
1123 3008 1200 3060 tuoe
1216 3000 1339 3079 pastore
1352 2998 1504 3071 vocabat,
1525 3020 1560 3062 eo
1576 3011 1682 3061 tomen
1697 2998 1788 3081 iege,
1817 3011 1871 3076 ut,
1888 3004 1918 3087 fi
1936 3008 1981 3067 ei.

619 3082 745 3142 vitatem
766 3082 850 3143 slsum
868 3082 906 3144 ab
923 3080 1053 3165 hostibus
1073 3080 1197 3144 liberam
1223 3078 1311 3164 opsiti,
1335 3076 1375 3145 Θ
1384 3122 1394 3153 ,
1412 3080 1548 3143 Domino
1571 3091 1762 3163 protegente,
1782 3084 1825 3145 ad
1844 3088 1981 3162 priorem

615 3162 732 3249 flatum
755 3166 919 3246 contigerit
939 3164 1093 3239 revocari,
1114 3162 1158 3225 od
1177 3180 1260 3236 tam,
1282 3165 1317 3225 itt
1333 3180 1394 3246 qua
1414 3166 1504 3243 prius
1524 3172 1593 3225 erot
1614 3163 1795 3236 ordinator,
1823 3166 1981 3252 Eccdefiam

621 3245 908 3389 reveteretur-epo
925 3256 1026 3309 autem
1042 3242 1189 3327 proditio
1218 3246 1328 3307 ciuitas
1344 3249 1487 3307 continuo
1504 3248 1695 3328 captiuitatis
1716 3248 1886 3310 cadamitate
1907 3270 1982 3331 pre·

622 3333 775 3401 meretur,
797 3330 831 3389 iu
868 3346 920 3398 ac,
944 3328 1054 3410 inqua
1070 3346 1091 3390 u
1110 3325 1173 3388 Gre
1197 3328 1263 3387 orio
1284 3346 1634 3389 tucnnuntnrus
1656 3326 1713 3411 est,
1735 3328 1982 3415 debeatEotiefia

560 3440 562 3447 ι
619 3426 808 3493 permanere.
849 3408 976 3471 Confer.
999 3427 1065 3473 can.
1086 3430 1115 3491 5.
1133 3344 1200 3494 tos.
1220 3427 1271 3489 71.
1286 3426 1351 3471 ran.
1370 3425 1400 3489 5.
1423 3406 1462 3471 tr
1477 3407 1508 3471 6.
1533 3428 1613 3473 xxt.
1634 3427 1662 3488 q.
1687 3426 1715 3469 1.
1758 3409 1839 3472 Vide
1858 3411 1982 3475 diocen-

624 3492 667 3552 tis
681 3507 779 3571 opem
802 3489 933 3572 juridico
949 3488 1045 3555 Tom.
1066 3510 1094 3554 1.
1111 3508 1183 3572 pag.
1204 3508 1277 3573 227.
1307 3492 1442 3561 ‚Debent
1456 3500 1563 3552 tumen
1583 3488 1782 3571 expulsorem
1800 3490 1982 3572 exspertore

544 3628 547 3635 .
623 3568 788 3653 Episcopi,
813 3592 872 3635 uec
884 3570 1068 3635 meticulose
1083 3573 1259 3656 impingere
1271 3572 1305 3635 in
1320 3590 1384 3635 ton.
1401 3570 1451 3652 46,
1476 3570 1511 3633 tr
1528 3591 1578 3651 47.
1600 3590 1669 3631 vn.
1691 3589 1721 3653 q.
1741 3591 1794 3647 ω
1816 3575 1868 3656 qui
1883 3594 1984 3660 prop·

624 3659 675 3717 ter
689 3652 917 3738 qualescunque
935 3654 1170 3739 persecutiones
1188 3654 1304 3717 nolunt
1328 3672 1409 3716 mox
1434 3650 1532 3716 deseri
1549 3670 1690 3735 gregem.

560 3810 592 3879 X
626 3810 669 3882 Et
685 3806 748 3883 hoc
763 3814 868 3904 mugit
884 3836 901 3883 e
918 3814 1116 3883 translatione
1132 3805 1228 3881 distet
1248 3810 1371 3899 suplex
1385 3774 1598 3879 commendetio
1617 3812 1718 3879 aliene
1741 3810 1871 3895 Etciefie
1891 3810 1984 3906 juxta

511 3908 689 4004 proprium
713 3912 754 3979 od
774 3931 903 4002 tempos,
928 3930 997 4007 quo
1016 3929 1131 3989 vorot,
1151 3905 1204 3978 vel
1225 3932 1294 4000 quo
1311 3907 1532 4001 impotentem
1558 3903 1658 3979 habet
1685 3903 1906 4005 Episcopum
1937 3909 1984 3983 est

513 4008 604 4079 enim
620 4030 706 4103 puro
722 4003 959 4078 administratio
976 4011 1016 4077 ad
1031 4010 1170 4086 interim,
1196 4000 1262 4074 stne
1278 4003 1508 4095 alligatione-*²

556 4171 573 4207 “
593 4170 677 4241 Vide
689 4192 753 4238 tart.
767 4192 798 4255 3.
815 4171 911 4239 XXI.
924 4196 956 4257 q.
973 4192 1002 4237 1.
1045 4170 1081 4235 in
1095 4170 1253 4236 Asticonis
1269 4170 1444 4235 cenonibut
1456 4167 1529 4231 tolio
1545 4156 1871 4256 Episcopus‘vopotor
1886 4172 1987 4241 suter-

630 4248 734 4336 teffor,
754 4256 810 4317 u'ut
832 4256 1132 4330 Intmuentor,''con.
1147 4272 1199 4318 αα.
1218 4253 1289 4325 Vll.
1306 4272 1336 4335 q.
1356 4274 1404 4327 2.,
1423 4252 1496 4315 aiibi
1513 4250 1686 4336 Episcopus
1699 4255 1856 4336 tristatur,
1879 4255 1913 4319 dt
1925 4262 1987 4321 mt'·

629 4336 788 4407 miserium
807 4337 1008 4421 oifitatt'onis,
1035 4336 1126 4419 quote
1153 4336 1366 4399 committitur
1385 4352 1514 4415 quoque
1538 4336 1647 4397 vicino
1666 4335 1780 4417 Episco
1804 4356 1843 4410 o,
1860 4343 1987 4419 quondo

631 4419 747 4481 civitas
766 4430 896 4503 propter
909 4420 1011 4483 caedes
1030 4418 1155 4482 suorum
1169 4416 1396 4502 Episcopatusn
1431 4416 1766 4479 rivaturstootorrrathr
1787 4436 1848 4493 ra,
1867 4422 1900 4484 dt
1916 4426 1990 4490 vice

631 4498 792 4585 parochiae
808 4500 1025 4577 constituitur,
1047 4502 1127 4569 utiu
1144 4499 1213 4562 casu
1227 4518 1292 4564 can.
1307 4519 1359 4578 ας.
1379 4535 1397 4562 A
1418 4497 1489 4562 XV.
1516 4516 1544 4579 q.
1559 4516 1589 4563 2.
1629 4500 1754 4562 Dicitur
1765 4502 1859 4563 etium
1884 4505 1989 4569 admi·

631 4582 796 4670 uisitator,
816 4602 881 4669 quo
897 4583 1057 4671 postremo
1074 4583 1172 4649 titulo
1188 4581 1274 4648 Sacc.
1286 4564 1376 4653 XIV.
1388 4580 1460 4647 usus
1478 4579 1522 4645 est
1541 4581 1624 4645 Cum
1639 4578 1835 4647 Trevireufio
1849 4584 1882 4647 io
1894 4606 1991 4651 nom-

1928 4672 1992 4736 mir
