4509 5550
509 572 601 652 142'
644 551 651 564 '

870 533 1247 639 n1sqursrrro
1299 521 1620 608 carrorvrcn

627 675 756 806 ,dumus
780 721 910 807 gloriari
930 691 1045 801 salute,
1072 692 1147 782 =curia
1168 715 1202 781 dc
1222 714 1279 799 ipsa
1302 713 1458 780 relatione
1484 709 1740 812 vicillitndinarla
1758 711 1798 776 de
1814 695 2012 800 'procurata

493 854 509 883 ·‚
628 833 671 889 „a
697 809 790 905 nobis
803 808 850 870 eis
869 824 946 888 pace
963 801 1185 901 dcconcordia
1212 819 1272 894 con
1333 798 1426 860 tulari
1449 795 2016 943 plotpprqglpnppspqpffippumlpijqpxp

627 885 1582 1053 3ῗέἒάἕὲἑΙὲῗὶῖξῗῷἮῐειιξιἛρὲῗὲξῗιἒῖὶοῗὶὲαρέἶονέυζῑίηι,
1606 895 1698 1050 ςῗιηη
1715 961 1746 1022 in
1760 960 1829 1024 aliis
1841 957 2013 1028 Ecclefiia

628 1053 842 1135 „collegiatis
853 1049 1026 1112 nostrarum
1047 1043 1235 1109 civitatis&
1251 1041 1401 1107 Dioecefis
1417 1043 1488 1126 ipsrs
1507 1039 1681 1124 praelaturis
1694 1060 1840 1105 annexa:
1860 1039 2014 1106 suerunt

628 1137 796 1217 „quaedarn
814 1131 1038 1196 concernentia
1058 1127 1235 1190 labores&
1256 1145 1373 1199 onera,
1396 1126 1538 1206 quaedam
1564 1141 1645 1212 vero
1660 1122 1801 1186 honores
1817 1122 1851 1186 dr
1866 1126 2017 1188 emolu-

628 1228 776 1295 „rnenta,
795 1234 832 1276 ac
844 1215 927 1281 inter
938 1213 998 1274 alia
1015 1209 1087 1291 ipfis
1108 1209 1284 1292 praelaturis
1296 1225 1456 1270 annexum
1478 1206 1676 1278 invenimus;
1701 1206 1787 1287 quod
1805 1203 2014 1272 scholastici

628 1297 825 1378 ‚,existentes
840 1315 899 1378 pro
914 1304 1076 1374 ternpore,
1098 1296 1237 1355 minores
1252 1299 1421 1376 promotos
1434 1289 1472 1351 ad
1491 1287 1704 1352 canonicatus
1717 1285 1751 1350 dr
1763 1288 1951 1370 praebendas
1967 1290 2015 1352 in

549 1393 554 1403 ’
579 1448 593 1460 ¹,
627 1381 742 1460 „ium
752 1374 944 1460 regimentac‘
954 1372 1216 1454 garbernationern
1229 1375 1404 1456 reciperent
1414 1391 1433 1444 ,’
1448 1370 1639 1454 ipsosquein
1651 1365 1779 1436 scienda
1796 1367 1943 1440 mdribu's
1966 1369 2017 1434 ὅτ

630 1461 818 1541 „honestate
838 1456 910 1531 disci
935 1458 1008 1518 linae
1027 1453 1249 1521 Ecclesiasticae
1270 1453 1390 1520 suarum
1414 1452 1620 1533 Ecclefiarpm
1640 1453 1701 1534 piis
1718 1453 2007 1517 admonitionibus

630 1545 862 1621 „informarent
875 1547 887 1615 i
902 1479 959 1603 'sed
971 1538 1035 1600 heu
1046 1537 1131 1619 quod
1148 1538 1328 1601 ordinatum
1345 1537 1407 1609 est,
1429 1533 1462 1598 &
1484 1533 1587 1598 suera‘t
1600 1532 1822 1618 circumspetie
1834 1534 1873 1596 ad
1889 1537 2013 1598 mino·

632 1647 727 1704 „rum
737 1624 948 1690 eruditionem
959 1621 993 1684 dt
1007 1621 1202 1702 profectum,
1217 1620 1284 1702 jam
1300 1619 1416 1683 laxatis
1429 1618 1561 1682 habenis
1576 1615 1656 1678 ultra
1672 1615 1868 1698 protrahitur
1879 1617 1920 1678 ad
1931 1637 2015 1680 rna-

633 1703 809 1790 „jorumdt
823 1717 859 1768 ut
877 1705 1045 1787 plurimum
1057 1701 1285 1784 provediorum
1296 1701 1509 1784 gravissimum
1529 1698 1794 1772 detrimentem„
1818 1697 1891 1762 Hoc
1912 1701 2017 1764 euim

634 1792 754 1868 „docet
774 1789 970 1870 experientia
992 1783 1109 1847 efficax
1126 1803 1230 1849 rerum
1255 1783 1418 1866 Magistra,
1441 1783 1526 1864 quod
1543 1780 1647 1864 plures
1670 1777 1856 1844 Scholastici
1879 1781 2012 1846 nostris

635 1873 856 1950 „temporibus
876 1887 940 1929 non
959 1868 991 1930 in
1014 1875 1137 1929 tantum
1152 1877 1296 1948 quaerunt
1311 1867 1468 1928 minorum
1483 1862 1739 1928 informationem
1764 1861 2013 1928 ficutavaritiae

635 1955 805 2031 ..caecitate
820 1949 981 2014 bursarum
1000 1945 1121 2015 suarum
1136 1949 1342 2032 repletionem
1356 1945 1390 2010 dr
1404 1945 1637 2018 substantiarum
1654 1954 1718 2009 tarn
1731 1946 1889 2008 minorum
1902 1963 2013 2026 quam

636 2032 888 2118 „provettorurn
899 2033 1154 2096 evacuationem.
1197 2027 1305 2093 'santo
1314 2049 1444 2173 quoque
1459 2043 1602 2110 tempore
1613 2025 1754 2088 Maxime
1767 2025 1884 2090 adultis
1898 2027 2013 2090 estin-

635 2118 793 2193 ,nernrrta
811 2117 849 2177 ab
869 2115 940 2196 ipsis
960 2111 1162 2176 Scholasticis
1187 2115 1311 2194 praeben
1336 2131 1421 2174 arum
1446 2108 1566 2173 suarum
1580 2107 1828 2186 administratio,
1849 2113 2012 2192 quamvis

604 2264 607 2270 ,
635 2198 828 2275 „secundum
844 2197 930 2338 lepes
944 2191 980 2256 dr
996 2193 1141 2258 Canones
1157 2193 1291 2276 inspetta
1305 2191 1441 2276 ipsorum
1456 2202 1550 2256 aetate
1563 2201 1687 2255 tutores
1702 2189 1751 2253 seu
1769 2200 1934 2254 curatores
1956 2194 2014 2257 eis

637 2282 755 2354 „dandi
773 2299 868 2340 none
894 2287 967 2349 ent,
985 2277 1069 2357 quod
1083 2276 1214 2339 decurso
1228 2279 1308 2340 utin
1324 2277 1463 2358 pluribus
1478 2274 1558 2337 statu
1572 2291 1683 2336 eorum
1699 2271 1878 2356 persestiori
1886 2277 2012 2338 vacuis

636 2360 806 2439 „manibus
818 2361 985 2432 incedunt,
996 2357 1197 2440 respicientes
1207 2357 1439 2440 aliquandolper
1451 2357 1697 2438 quinquennium
1708 2353 1884 2438 &amplius
1898 2354 2016 2419 Scho-

636 2441 841 2520 „lasticorum
862 2440 989 2504 suorum
1008 2439 1293 2522 emancipationem
1315 2459 1373 2503 nec
1396 2439 1547 2516 habentes
1569 2439 1608 2501 de
1631 2437 1865 2520 prebendarum
1877 2436 2014 2503 suarum

635 2523 815 2600 „srudtibus
833 2523 1020 2607 potestatem
1036 2523 1171 2604 aliquam
1185 2521 1390 2608 disponendi;
1414 2519 1582 2604 Propterea
1605 2539 1667 2581 nos
1690 2516 1824 2663 provide
1838 2521 2019 2582 attenden-

635 2617 732 2683 „tem
752 2607 838 2690 qnod
853 2608 956 2670 virtus
970 2605 1120 2668 naturalis
1136 2625 1152 2666 a
1167 2607 1324 2689 primaevo
1343 2613 1506 2692 procreata
1519 2601 1687 2678 inhomini
1712 2621 1748 2663 us
1762 2599 1946 2664 debilitatur
1965 2604 2015 2667 de

637 2690 713 2762 „die
724 2689 756 2752 in
768 2689 870 2761 diem,
893 2686 1030 2769 &quod
1040 2685 1175 2749 humana
1187 2685 1314 2750 essentia
1331 2695 1454 2748 tantum
1469 2687 1606 2766 rigorem
1620 2684 1651 2744 in
1663 2683 1786 2745 instanti
1801 2695 1946 2768 tempore
1956 2683 2016 2748 su-

637 2771 776 2846 „siinere
790 2791 855 2834 non
876 2768 1001 2851 potest,
1023 2767 1184 2849 praemilsrs
1201 2767 1400 2843 insolentiis,
1424 2763 1708 2849 gravaminibus&
1725 2765 1937 2831 incommodis
1959 2778 2018 2831 ta-

637 2853 736 2927 „liter
748 2869 916 2915 occurrere
930 2848 1099 2920 volumus,
1122 2862 1159 2911 ut
1169 2854 1311 2929 promoti
1332 2851 1470 2912 maxime
1484 2849 1581 2911 adulti
1602 2846 1631 2909 se
1649 2848 1808 2928 gaudeant
1822 2849 2015 2923 relevatos,

642 2932 702 3008 „dt
716 2931 902 2997 scholastici
914 2930 954 2994 de
968 2930 1204 2992 Constitutione
1214 2933 1317 2993 nostra
1332 2932 1475 3011 praesenti
1487 2931 1639 3011 conqueri
1658 2948 1723 2991 non
1739 2930 1868 2993 valeant
1882 2928 1911 2992 se
1931 2930 2015 2997 sore

643 3026 843 3093 „gravatura
880 3011 1044 3076 statuimus
1064 3012 1165 3091 igitur
1185 3010 1218 3075 dt
1233 3028 1352 3077 matura
1367 3032 1404 3076 ac
1424 3012 1568 3093 diligenti
1594 3012 1821 3075 deliberatione
1833 3012 2017 3093 proehabite

644 3107 824 3177 „perpetuo
848 3095 1051 3167 ordinamus,
1070 3104 1108 3157 ut
1127 3097 1382 3176 quandocunque
1403 3095 1514 3176 aliquis
1529 3094 1606 3156 infra
1626 3091 1749 3157 sextum
1771 3092 1929 3157 decimum
1951 3116 2017 3157 an-

642 3196 744 3254 „num
765 3174 928 3240 exclufive
941 3175 979 3241 nd
999 3176 1135 3256 aliquam
1151 3178 1347 3258 praebendam
1360 3186 1530 3258 promotus
1547 3176 1642 3237 fuerit
1654 3174 1807 3256 pacificet
1829 3176 1937 3241 inlroc
1952 3178 2018 3241 vel

643 3258 739 3333 „aliia
755 3258 928 3339 subscriptis
942 3257 1081 3331 cafibns,
1102 3259 1188 3338 quod
1198 3258 1410 3323 scholasticus
1424 3258 1509 3323 illius
1525 3256 1673 3320 Ecclesiae
1687 3257 1776 3321 illurn
1790 3258 1944 3339 juvenem
1958 3260 2018 3321 us·

644 3342 777 3422 „queam
791 3341 956 3404 Decimum
969 3340 1122 3405 ottanum
1137 3358 1278 3413 annum,
1300 3342 1334 3403 dr
1353 3358 1417 3403 non
1431 3340 1531 3412 ultra,
1554 3340 1628 3401 dum
1649 3348 1754 3402 tamen
1778 3350 2020 3422 promoveatur

645 3423 706 3499 „ad
722 3421 824 3485 sacros
838 3423 985 3496 ordines,
1008 3440 1103 3502 aquo
1115 3423 1210 3485 etiarn
1225 3424 1288 3505 ipse
1300 3423 1354 3485 vel
1370 3422 1549 3504 Capitulum
1564 3422 1596 3484 in
1609 3419 1783 3503 subscriptis
1795 3420 1916 3485 casabus
1930 3442 2019 3503 pro-

645 3504 776 3581 „hibere
790 3522 862 3566 eum
880 3524 946 3567 non
963 3502 1073 3586 poisat,
1094 3504 1194 3569 libere
1220 3505 1326 3569 valeat
1344 3506 1499 3575 retinere,
1522 3502 1640 3583 sibique
1655 3516 1745 3567 curet
1766 3522 1856 3566 more
1876 3502 2020 3568 Schola·

645 3587 748 3662 „ilico
762 3583 889 3665 praeesse
901 3598 997 3668 prout
1012 3584 1048 3649 dr
1060 3584 1212 3668 prodesse.
1255 3585 1288 3651 Si
1303 3605 1383 3649 vero
1395 3586 1507 3667 aliquis
1519 3585 1636 3647 nullam
1650 3588 1895 3669 praerogativam
1911 3584 2017 3650 status

644 3666 789 3745 „babens
808 3670 840 3729 in
855 3668 947 3753 sexto
965 3670 1092 3731 decimo
1105 3686 1191 3731 anno
1208 3670 1262 3733 vel
1285 3670 1417 3733 ulterius
1437 3668 1633 3731 ascendendo
1647 3686 1747 3749 usque
1767 3668 1804 3730 ad
1825 3665 2019 3732 vicesimum

646 3748 797 3831 „tertium
811 3766 925 3811 annum
942 3748 1095 3813 inclusive
1131 3750 1306 3815 raebendam
1323 3750 1550 3815 canonicalem·
1567 3749 1598 3811 in
1624 3748 1725 3829 aliqua
1748 3748 1885 3813 Ecclesra
1900 3752 2018 3814 conse·

646 3831 763 3908 „cutus
780 3828 877 3894 fuerit
894 3872 905 3904 ‚
928 3830 1012 3893 hunc
1028 3832 1080 3894 sub
1101 3771 1188 3915 fugo
1203 3831 1386 3897 scholastici
1402 3852 1457 3915 per
1471 3831 1631 3895 biennium
1651 3828 1826 3895 tantum&
1843 3845 1909 3893 non
1928 3832 2019 3897 ultra

646 3912 863 3989 „numerando
876 3912 933 3975 vel
957 3914 1173 3994 computando
1201 3936 1218 3977 a
1240 3924 1384 3999 ternpore
1405 3916 1537 3995 integrae
1558 3914 1771 3995 perceptionis
1789 3912 1947 3977 fruetuum
1975 3915 2019 3977 ad

646 3994 774 4069 „minus
788 3992 988 4058 dimidiorum
1000 4014 1102 4076 usque
1115 3998 1154 4057 ad
1166 3996 1326 4063 biennium
1341 4018 1385 4065 ex
1395 4006 1471 4058 tunc
1486 3994 1578 4076 plene
1592 3994 1725 4073 elapsum
1741 4039 1750 4069 ,
1774 3994 1808 4059 dt
1820 4014 1884 4057 non
1900 3996 2019 4059 admis-

647 4073 767 4152 „stonis
781 4073 834 4137 vel
849 4078 1042 4160 receptionis
1055 4076 1196 4159 pacificae
1211 4076 1271 4141 esse
1287 4080 1457 4151 volumus,
1470 4074 1644 4139 dummodo
1657 4076 1695 4138 ad
1712 4076 1813 4139 sacros
1827 4076 1955 4140 ordines
1967 4079 2022 4141 in·

648 4156 762 4232 „terim
774 4170 1004 4239 promoveatur
1018 4161 1113 4221 etiam
1127 4170 1238 4223 contra
1251 4158 1434 4223 scholastici
1448 4158 1669 4228 voluntatem,
1692 4174 1784 4239 quern
1799 4160 1893 4221 etiam
1910 4157 2020 4223 Scho-

648 4236 796 4314 „laiiicus
809 4258 868 4322 pro
892 4252 1036 4325 tempore
1052 4239 1189 4306 existens
1207 4240 1346 4305 similiter
1360 4242 1479 4322 poterit
1497 4238 1648 4314 retinere,
1671 4250 1708 4301 ut
1733 4238 1871 4321 superius
1892 4240 1936 4304 eii
1948 4262 2019 4305 car·

648 4318 814 4403 „prelium
857 4320 952 4405 Siqua
968 4333 1074 4385 autern
1094 4320 1226 4405 simplex
1239 4322 1368 4405 persona
1387 4321 1594 4386 sacerdotium
1613 4320 1810 4405 personatum
1832 4322 1883 4386 seu
1900 4322 2019 4387 statum

520 4406 528 4419 ‘
650 4400 772 4476 „alium
788 4402 986 4467 nonhabens
1001 4406 1034 4466 in
1058 4400 1210 4465 vicesimo
1236 4412 1349 4487 quarto
1366 4422 1449 4465 anuo
1470 4404 1524 4467 vel
1541 4402 1673 4467 ulterius
1691 4402 1903 4481 ascendendo,
1923 4406 2019 4468 dein·

520 4497 527 4509 ·
647 4502 744 4565 „ceps
770 4487 967 4564 praebendam
997 4484 1220 4548 canonicalem
1243 4485 1429 4551 consecutus
1452 4482 1566 4559 suerit,
1595 4482 1679 4547 hunc
1701 4502 1757 4565 per
1784 4504 2021 4551 unornannum

646 4574 795 4641 ,nantum
808 4566 842 4635 dr
859 4586 926 4632 non
938 4568 1040 4645 ultra,
1053 4566 1228 4634 dnmmodo
1242 4568 1280 4633 ad
1294 4566 1396 4634 sacros
1410 4568 1538 4636 ordines
1550 4566 1644 4650 juxta
1657 4565 1808 4649 praemtffa
1820 4586 2019 4719 promovtea·

1967 4668 2015 4729 ur,
