4509 5550
395 627 467 710 on
491 625 619 728 Junn
644 603 884 706 intucins
910 620 1192 702 cnuuouct
1216 625 1368 708 einen
1392 627 1572 712 socna.
1657 641 1731 738 ⁶7,

204 815 322 894 ⁵r'idei
340 815 467 902 intime
483 803 661 907 eoniuniir
677 805 719 882 ad
734 803 905 908 profunda
918 805 1119 902 Theologie
1136 807 1249 907 ndyta
1268 811 1305 884 iu
1325 811 1441 887 multis
1456 787 1609 913 pellibus
1621 814 1730 915 respi-

207 920 283 999 cit,
309 913 423 1010 hujus
441 935 551 984 autern
569 905 760 1007 Disciplina
775 911 942 1008 Principia
955 905 1242 1008 preterofficium
1264 910 1425 986 credendi
1447 913 1585 988 cuilibet
1604 920 1732 992 Homi-
1843 913 1856 925 ’
1902 957 1908 973 ·

206 1015 247 1088 ni
267 1012 464 1088 Catiiolioo
487 1031 665 1087 commune
689 1009 777 1082 tnihi
795 1011 982 1104 incognita,
1010 1006 1043 1080 dt
1068 1010 1261 1108 praeprimis
1283 1008 1430 1108 afseopo
1443 1015 1533 1086 Iuris
1551 1014 1731 1090 Candidati

207 1139 284 1213 qua
306 1113 393 1184 talis
409 1112 515 1184 aliena
530 1105 613 1179 suot.
662 1111 793 1182 Verum
808 1133 885 1183 cum
900 1129 1072 1180 contextus
1086 1110 1236 1183 materiae
1252 1132 1325 1184 rem
1337 1184 1343 1200 ,
1354 1107 1551 1209 praesentem
1566 1111 1666 1211 plane
1679 1114 1731 1186 in·

206 1209 472 1299 consideratam
496 1204 588 1280 abite
607 1227 674 1278 noo
698 1203 900 1304 permittat,
919 1206 1104 1304 eademque
1124 1231 1144 1280 e
1166 1209 1452 1306 Principiislurit
1472 1217 1660 1295 Naturalis,
1692 1216 1731 1290 et

210 1314 345 1385 Publici
372 1311 562 1402 Vniuersalit
584 1303 797 1383 dilucidanda
819 1305 876 1394 fit,
908 1331 976 1380 non
1000 1305 1152 1382 dubitaui
1173 1329 1309 1384 eatenus
1334 1331 1389 1386 me
1410 1309 1527 1408 paucis
1549 1311 1731 1409 explicare.

209 1415 349 1510 Reque

905 1519 935 1610 §.
1005 1511 1065 1590 ll.

342 1647 452 1727 Fides
468 1671 597 1727 eertum
611 1645 740 1732 reddit,
764 1649 952 1726 Hominem
968 1650 1001 1724 io
1018 1647 1112 1725 Orbe
1126 1647 1271 1750 politum
1292 1646 1358 1727 else
1369 1654 1578 1749 principaliter
1592 1651 1634 1728 ad
1650 1652 1731 1729 cuis
1798 1673 1803 1694 ‘

215 1771 295 1824 tum
312 1753 573 1824 Cenaturit
592 1769 678 1824 svo
693 1745 935 1832 exhibendum,
963 1749 1236 1848 operandamque
1253 1751 1331 1824 iude
1340 1750 1489 1826 Salutem
1500 1776 1671 1846 aeternam,
1692 1752 1729 1828 lit

214 1858 322 1922 minus
347 1854 577 1945 principaliter,
602 1849 851 1941 [tabortiinatoqee
872 1850 957 1922 motio
984 1873 1047 1946 pro
1070 1848 1244 1922 Felicitate
1266 1845 1323 1922 sua
1340 1852 1520 1948 temporali
1534 1849 1727 1928 obtinenda.

218 1949 323 2023 Nolo
342 1946 494 2045 quidem
502 1949 557 2020 hie
577 1944 693 2019 multis
708 1947 898 2043 inquirere,
924 1971 1088 2044 quosnam
1102 1946 1161 2020 sub
1175 1950 1314 2024 nomine
1330 1953 1505 2038 infidelium
1517 1975 1583 2049 pru
1608 1953 1658 2023 rie
1671 1973 1730 2024 ue·

218 2049 296 2122 nire
319 2067 503 2142 oporteat,
530 2044 563 2118 u
587 2071 629 2116 an
643 2043 679 2116 hi
695 2043 737 2116 ad
764 2051 877 2120 Verum
891 2063 1106 2120 uvttttsts
1128 2053 1253 2132 cultam
1274 2052 1307 2120 ai
1327 2048 1486 2145 compelli
1509 1973 1646 2146 potin,
1670 2045 1728 2120 uel

220 2143 395 2226 debeant,
420 2167 477 2216 aut
500 2167 677 2242 quousque
699 2145 813 2240 potius
833 2167 873 2216 er
899 2141 1039 2218 aduerso
1062 2145 1252 2236 conscientie
1273 2141 1419 2228 Libertas
1437 2145 1615 2243 obtineatg?
1640 2150 1731 2218 Cum
1779 2178 1786 2213 i

219 2243 258 2316 id
277 2267 391 2316 omne
404 2266 470 2316 non
485 2238 674 2339 presentis,
699 2239 756 2314 sed
770 2241 975 2337 Theologiei
990 2245 1070 2317 Foti
1084 2241 1140 2328 ὕες
1165 2243 1232 2317 hoe
1246 2245 1582 2348 tamenJeiperientia
1597 2267 1730 2316 notura·

219 2339 246 2415 li
269 2343 489 2422 edocemur,
513 2343 701 2412 Hominem
721 2341 853 2411 rarione
874 2343 974 2414 innati
996 2349 1204 2436 Gorrnprirnis
1224 2349 1333 2414 Status
1353 2367 1448 2438 nque
1460 2367 1594 2441 ,parum
1613 2347 1731 2428 Deo,
1769 2405 1774 2410 .

222 2442 322 2536 quod
345 2445 422 2514 Dm
446 2435 510 2520 est,
538 2437 707 2516 tribuere,
731 2433 853 2522 sisibi,
879 2437 1134 2534 deprauatoque
1152 2436 1213 2510 suo
1231 2442 1344 2511 Genio
1359 2443 1593 2536 relinquatur,
1625 2463 1730 2538 quam

222 2561 356 2638 parum
378 2540 412 2606 in
427 2533 811 2610 euteruth0nditione
826 2535 989 2616 Proximi,
1011 2533 1266 2632 &Reipublicae
1281 2533 1415 2606 Iuribus
1431 2533 1605 2617 satisfacit,
1631 2533 1733 2610 adeo·
1773 2613 1782 2625 ,
1895 2537 1899 2545 ’

224 2662 295 2732 que
313 2634 436 2732 saltem
455 2659 521 2706 tum
545 2635 735 2706 Hominum
761 2641 903 2714 Cottum
929 2634 1131 2728 quirendum
1146 2637 1311 2723 Religionis
1328 2640 1503 2705 Fotmulam
1514 2631 1730 2730 profitentur,
1809 2644 1826 2656 “

227 2737 260 2809 ἃ
284 2757 471 2833 quousque
491 2734 525 2805 iu
546 2755 584 2808 eu
606 2726 798 2828 persistunt,
832 2727 931 2807 istum
955 2731 992 2803 iu
1016 2727 1118 2804 finem
1134 2735 1275 2827 ⁸Imperio
1297 2728 1444 2831 quodum
1464 2753 1588 2807 extrttto
1611 2756 1730 2828 egere,

227 2832 353 2933 sponte
373 2828 551 2909 suafluere
565 2832 713 2919 uidetur.
864 2896 869 2905 .
1013 2896 1018 2911 .

352 3076 500 3163 Theiin,
527 3075 689 3177 quabtum
711 3074 797 3162 scio,
827 3103 927 3155 nemo
946 3103 1065 3175 negati
1097 3076 1153 3153 sed
1176 3080 1229 3152 cui
1250 3082 1414 3174 Imperium
1436 3075 1522 3151 iilud
1545 3078 1729 3173 spirituaii,
1863 3162 1869 3178 ⁸

236 3178 367 3253 tilium
392 3180 473 3251 alias
495 3198 575 3274 va
600 3196 744 3252 cluet
770 3196 940 3263 s-ncttn,
966 3181 1107 3279 proprie
1130 3200 1316 3275 competat,
1340 3180 1434 3251 rtrie
1455 3176 1596 3275 disquiri
1617 3177 1730 3252 video.

237 3280 330 3351 Mihi
358 3276 585 3373 indubitatum
611 3272 683 3361 est,
729 3298 843 3349 euram
871 3282 1038 3371 Religionis
1066 3300 1162 3351 mere
1182 3281 1376 3358 Naturalis,
1417 3300 1518 3371 quam
1540 3276 1599 3347 diu
1622 3284 1732 3351 Statue
1874 3310 1881 3317 ·

237 3382 411 3451 Naturalis
427 3374 645 3475 perdurauit,
666 3376 753 3471 penit
774 3381 886 3447 Patres
908 3380 1107 3447 familiarum
1129 3376 1288 3469 segregem·
1307 3370 1498 3471 perstitiffe,
1526 3376 1733 3470 praeprimis,

239 3477 330 3573 quod
352 3474 565 3568 exsurgentes
592 3474 727 3545 interim
752 3478 943 3562 ciuitatum,
971 3472 1225 3569 &imperiorum
1249 3470 1371 3547 diuersi
1393 3476 1568 3561 conditores
1585 3471 1733 3545 idoloio·
1812 3534 1821 3545 .

241 3576 311 3645 triae
332 3574 391 3646 uel
418 3570 584 3645 notiores
605 3571 662 3643 uel
681 3575 897 3647 Promototes
921 3573 1110 3654 extiterint,
1134 3570 1260 3645 nullam
1276 3592 1366 3643 uerte
1384 3568 1573 3665 Religioni,
1602 3584 1733 3642 vnivs-

243 3692 319 3767 qve
345 3676 422 3746 Dei
447 3658 563 3764 Cuitui
586 3667 882 3764 gubernationem,
903 3694 961 3743 aut
981 3669 1228 3769 protellionem
1246 3668 1500 3765 impertientes,
1520 3670 1602 3767 quin
1616 3671 1749 3765 potius*

243 3772 306 3841 aris
323 3771 357 3844 dt
375 3770 460 3846 fucis
483 3772 514 3841 ei
537 3767 785 3843 interdicentes.
840 3767 895 3842 nd
911 3776 1021 3864 Legem
1034 3772 1213 3859 Mofiairam
1237 3766 1328 3862 quod
1347 3765 1480 3849 attinet,
1514 3772 1733 3849 immediatum,

246 3866 460 3966 &proximum
479 3865 604 3939 ibidem
619 3869 808 3961 peremnia
823 3868 1059 3961 Legislatorlm,
1088 3866 1123 3939 u
1146 3868 1386 3939 Gubernatorem
1399 3868 1524 3941 Dssv‘s
1538 3864 1636 3941 Solus
1651 3868 1734 3961 egit,
1806 3886 1811 3893 ·

246 3972 385 4063 Moyfit,
413 3966 682 4063 &Prophetarum
695 3960 823 4039 nonnili
837 3970 1024 4040 internuntio
1043 3989 1093 4039 ote
1112 3958 1213 4039 Vsus.

910 4130 1163 4229 utu·

208 4330 213 4337 .
363 4264 668 4367 Postquamrutem
681 4264 880 4343 mortificata
896 4268 992 4365 Lege
1011 4268 1131 4343 Veteri
1150 4272 1223 4341 Lex
1245 4270 1519 4343 Evnrtottutt
1541 4263 1682 4352 effulsit,
1711 4290 1733 4341 r

254 4360 469 4451 Politicorum
487 4367 706 4467 quibusdam,
734 4368 767 4441 d
783 4364 970 4466 presertim
990 4370 1093 4442 hodie
1111 4392 1130 4437 o
1146 4366 1318 4464 plerisque
1338 4372 1385 4437 A.
1401 4374 1436 4438 c.
1451 4368 1580 4437 alliun
1596 4370 1734 4439 Diduri·

257 4460 306 4533 lus
321 4465 355 4537 in
370 4488 443 4540 eam
459 4470 662 4540 Sententiam
676 4471 761 4540 itum
776 4464 838 4549 est,
858 4492 894 4541 vt
909 4466 967 4540 fibi
981 4465 1221 4567 persuadeant,
1238 4460 1415 4535 Eccleiiatn
1428 4486 1663 4561 quameunque
1678 4464 1735 4539 de·

257 4578 346 4633 tuum
361 4588 426 4637 non
440 4563 640 4640 constituere
656 4569 691 4637 in
705 4566 929 4659 integralitate
941 4564 997 4640 sua
1012 4568 1202 4659 distinliam,
1226 4561 1512 4659 separatamque‘a
1531 4568 1624 4635 Ciuili
1638 4566 1734 4636 Pote-

259 4650 334 4735 llste
347 4661 619 4765 Rempublieuu,
644 4660 701 4743 sed
715 4684 797 4743 uere
818 4660 881 4743 elle
893 4663 1086 4743 membrum
1099 4664 1257 4765 follitum
1273 4666 1388 4748 oilie,
1423 4661 1501 4735 licet
1520 4660 1736 4777 reliquisdl·
1890 4674 1898 4683 ’

327 4816 331 4833 .
1624 4779 1734 4855 gntus.
1805 4768 1820 4787 ¹
