4509 5550
401 638 475 717 ne
503 638 746 715 vsssTlGils
770 640 1172 754 Juntsoccrcoucs
1191 640 1503 732 ECCLEslAsT.
1528 656 1595 737 ue.
1665 686 1733 779 333

262 822 336 893 iios
357 842 482 916 nempe
501 800 773 933 portestoicillim
797 822 829 895 dc
852 820 1068 917 Mogisscotus
1081 820 1303 905 Protestaoteo
1316 828 1352 903 iu
1365 826 1512 911 subditos
1526 841 1733 943 Catholicoo,

261 916 319 993 ubi
331 916 373 996 dc
389 921 476 1017 Jure
487 938 667 1017 competit,
691 918 901 999 exermbunt.
1277 1012 1279 1019 y

935 1208 944 1227 .
995 1150 1030 1229 X
1037 1152 1090 1231 11.

370 1284 488 1363 Altera
506 1285 592 1359 circo
614 1279 800 1381 suspensam
820 1286 857 1359 in
871 1152 999 1381 Rdgulc
1012 1274 1290 1388 Juno'oiliiouem
1309 1290 1553 1392 Episcoporum
1581 1311 1734 1406 ‘mittio
1839 1306 1844 1313 ,

257 1384 328 1460 hee
349 1384 417 1458 est:
457 1389 569 1456 Eclecto
590 1387 683 1455 eticcn
692 1388 764 1475 jort
778 1387 960 1479 Augustono
979 1390 1068 1478 confi
1089 1388 1341 1482 Mogiscetoem
1362 1400 1508 1467 cetlolici
1531 1400 1643 1486 [sollici
1666 1427 1733 1479 cett·
1855 1438 1858 1445 ’

255 1485 401 1576 leuton
420 1485 512 1573 inque
523 1484 588 1569 loos,
610 1485 663 1571 qui
674 1488 721 1553 A.
742 1492 846 1556 1624.
860 1485 1006 1575 pulicum
1020 1489 1184 1575 Religionis
1198 1490 1353 1559 Coriolice
1368 1496 1542 1563 exercitium
1554 1501 1734 1589 coicerent,

259 1584 321 1679 Jot
335 1578 559 1666 Dioecesonottc,
592 1598 741 1667 qoetencct
755 1578 888 1672 Episcopi
906 1582 980 1649 illul
995 1583 1072 1649 lilio
1088 1588 1179 1651 Anno
1193 1586 1293 1671 qcciete
1305 1606 1518 1670 exercuerunt,
1532 1590 1654 1676 dolesum
1660 1600 1732 1690 esto,

262 1678 359 1748 Ecce!
385 1682 420 1745 iu
440 1672 502 1745 hcc
523 1668 688 1746 vicererl's
701 1674 811 1763 agitur
824 1672 865 1746 de
881 1674 1060 1745 Catholicis
1075 1673 1213 1749 subditis
1228 1680 1285 1772 qui
1301 1681 1334 1747 in
1351 1686 1438 1772 Aug.
1461 1680 1559 1757 Conf.
1578 1692 1731 1769 statuum
1775 1765 1780 1775 ,

261 1773 436 1847 territoriis
458 1771 597 1862 degunt.
654 1771 707 1839 Hi
727 1793 867 1865 nempe,
899 1769 978 1843 licet
996 1771 1125 1863 Regula
1146 1774 1317 1865 generalis¹
1330 1772 1385 1857 stt,
1420 1780 1510 1873 quod
1530 1786 1731 1879 Jucisdidiin

260 1864 474 1939 Ecclesiastico
492 1892 575 1939 neoc
596 1866 685 1936 intra
699 1862 860 1937 termiu'ot
877 1869 1038 1939 territorii
1053 1866 1216 1965 cujusque
1229 1867 1260 1941 se
1275 1874 1446 1947 continere
1461 1875 1598 1965 debent;
1621 1888 1731 1979 Jutis·
1799 1945 1802 1957 .

262 1962 359 2036 sitin
373 1987 483 2036 tamen
496 1959 716 2034 Eccleliastica
728 1966 856 2053 antiqu
869 1964 903 2032 in
918 1959 1065 2033 subditos
1080 1963 1158 2035 illoc
1172 1966 1379 2051 Catholiens,
1404 1972 1508 2067 quiin
1523 1983 1612 2069 Aug·
1626 1980 1730 2065 Cons.

262 2064 407 2133 statuum
420 2059 599 2131 territoriis
612 2058 755 2149 degunt,
774 2054 947 2154 Episcopis
962 2061 1092 2151 integro
1104 2057 1292 2133 conservato
1310 2060 1390 2145 fuit,
1412 2067 1514 2140 modo
1528 2070 1638 2169 alique
1651 2082 1730 2155 unni

261 2160 486 2253 Noemporte
499 2159 533 2225 in
548 2153 697 2249 ejusdem
713 2157 862 2227 exercitii
876 2152 1066 2251 polselscone
1078 2152 1217 2228 fuerint.
1242 2160 1334 2229 Fluit
1345 2184 1384 2229 ex
1398 2160 1448 2233 his
1461 2166 1606 2257 Regula:
1624 2174 1731 2266 quod,

213 2272 214 2276 ’
260 2255 518 2352 qualeinunoqu
564 2250 1729 2359 uelocoinAnnoNormaliviguiterereitiumReligionis,publicum

259 2352 310 2425 rel
321 2352 507 2448 primtumt
523 2352 535 2420 i
560 2372 613 2420 em
627 2370 732 2445 porco
745 2372 882 2446 quoque
891 2347 1016 2421 ibidem
1028 2352 1141 2441 vigere
1151 2350 1277 2427 debeat.
1300 2356 1368 2449 Qsi
1379 2378 1458 2427 vero
1474 2358 1597 2431 nullam
1610 2363 1728 2441 intono

262 2446 523 2523 AnnoNormeli
539 2445 698 2517 Exercitii
719 2444 903 2536 Religionis
924 2440 1069 2541 spetiem
1087 2469 1321 2527 exercuerunt,
1366 2450 1403 2521 hi
1431 2450 1560 2525 nullum
1588 2482 1727 2557 qnoque

260 2544 391 2643 posthae
406 2540 624 2623 exercebunt,
655 2564 775 2636 utpote
798 2545 856 2636 qui
879 2540 1010 2611 tolerati
1036 2564 1163 2613 tuntum
1183 2542 1347 2613 dicuntur.
1369 2546 1403 2633 c)
1453 2550 1618 2620 stantibus
1639 2556 1730 2633 hisce

261 2663 366 2715 tamen
379 2640 546 2714 Catholici
559 2642 689 2733 optimo
707 2634 811 2733 usque
821 2640 897 2727 juce
913 2634 1109 2718 defendent,
1134 2638 1196 2708 hos
1213 2634 1301 2733 ipsos
1316 2638 1505 2711 Catholicos
1528 2640 1673 2720 subditos
1690 2656 1726 2727 in
1786 2712 1788 2717 .

213 2727 214 2773 ³
262 2747 301 2815 A.
317 2746 356 2813 C.
383 2744 538 2812 statuum
556 2737 734 2808 territoriis
756 2734 932 2826 degentes,
964 2737 1023 2832 qui
1043 2733 1134 2804 nulla
1155 2730 1235 2806 diiii
1250 2736 1339 2806 Anni
1354 2758 1448 2834 parte
1464 2760 1524 2810 net
1539 2740 1724 2836 publicum,

262 2862 364 2933 neque
383 2831 751 2935 privatumssatholicae
770 2833 955 2922 Religionis
976 2833 1168 2904 exercitium
1192 2831 1379 2903 habuerunt
1391 2883 1401 2916 ,
1442 2835 1503 2910 hos
1524 2839 1659 2948 inquom
1681 2845 1723 2920 ah

214 2973 215 2983 κ
264 2937 423 3026 agnitione
437 2926 685 3031 Jutisdisiionis
701 2933 807 3000 Sacre
823 2926 992 2999 Pontificio
1008 2931 1105 2998 Rom.
1119 2951 1219 3024 utque
1235 2927 1372 3024 alicujus
1384 2933 1483 3001 vieini
1499 2935 1651 3032 Episcopi
1671 2941 1724 3014 vel

214 3094 215 3105 t
263 3027 475 3103 Commili'atii
491 3023 673 3124 Apostolici
686 3027 774 3096 circe
790 3023 1011 3107 Pontificalis,
1037 3025 1198 3107 Ordines,
1226 3025 1726 3122 ApprobationesConselsnrio·

263 3153 348 3211 tum,
371 3123 640 3225 Dispensationes
655 3124 741 3193 eirca
754 3123 1028 3203 Matrimonium,
1052 3121 1242 3217 Jejunium,
1264 3123 1327 3194 dcc.
1346 3123 1407 3202 dcc.
1432 3125 1496 3196 hoc
1513 3127 1601 3223 ipso,
1631 3133 1725 3229 quod

265 3225 420 3296 Catholici
439 3220 518 3304 lint,
549 3217 759 3291 essentialiter
778 3242 814 3288 ac
835 3213 1010 3289 necessario
1031 3217 1240 3312 dependere,
1266 3216 1427 3314 siquidem
1450 3223 1518 3292 hec
1542 3229 1724 3306 Catholicae
1783 3297 1788 3306 ,

263 3321 403 3394 Ecclesiae
418 3341 494 3392 nota
507 3311 837 3396 curialissimum,
853 3313 945 3408 quod
959 3337 1027 3384 uno
1042 3309 1101 3384 sub
1113 3317 1234 3409 Capite
1247 3313 1363 3386 vifibili
1380 3321 1422 3386 D.
1439 3322 1521 3388 Pu'c
1535 3339 1579 3388 nt
1603 3321 1725 3400 succes·

263 3415 328 3490 soce
345 3416 469 3508 fingula
491 3412 639 3508 ejusdem
660 3407 811 3481 membra
832 3431 1096 3501 congregentur,
1123 3436 1144 3488 n
1162 3435 1229 3506 quo
1244 3413 1409 3482 mediante
1427 3411 1670 3578 EpiscoXorum
1685 3450 1724 3500 ac

263 3514 469 3588 Secerdotum
485 3507 688 3581 Hiecorchia
700 3508 810 3602 quoad
825 3511 923 3576 Sacra
938 3506 1157 3601 dependeant.
1201 3511 1335 3578 Horum
1350 3533 1430 3578 vero
1445 3510 1537 3604 Juris
1564 3509 1725 3594 iiiionem

263 3607 375 3684 saccom
392 3607 473 3680 diiii
487 3605 620 3679 tolerati
640 3627 775 3700 quoque
790 3602 972 3686 Catholici,
1000 3603 1088 3700 quod
1106 3629 1166 3692 qcce
1183 3611 1259 3673 tales
1276 3604 1405 3674 tolerati
1419 3602 1494 3686 lint,
1523 3608 1657 3706 publice
1673 3640 1725 3688 re.

263 3705 450 3800 cognoscent
464 3699 589 3775 necesse
603 3698 666 3782 est,
691 3723 766 3770 cum
781 3699 861 3770 tales
877 3693 940 3774 effe
956 3699 1034 3770 olias
1052 3697 1246 3772 desinerent.
1291 3705 1368 3770 Nec
1383 3723 1500 3772 eorum
1517 3707 1731 3800 eonscientiae

263 3803 364 3878 licebit
377 3807 445 3877 vim
460 3796 603 3872 inferre:
646 3801 756 3893 Quem
772 3795 952 3868 admodum
972 3798 1061 3868 enim
1078 3799 1112 3866 in
1128 3801 1157 3886 §.
1171 3798 1324 3892 proxime
1337 3797 1545 3892 precedente
1560 3805 1723 3883 addniiuo

265 3919 358 3974 textus
374 3905 412 3974 Ρ.
429 3906 485 3971 W.
501 3893 665 3991 disponit,
690 3898 800 3985 nequid
814 3896 872 3964 idio
892 3900 935 3964 A.
957 3903 993 3962 c.
1010 3896 1135 3976 (tollitis
1149 3899 1343 3983 injungatur,
1375 3898 1455 3984 qood
1467 3904 1624 3972 cocenim
1638 3911 1725 3976 Reli.

262 4003 334 4088 gitti
345 3997 592 4086 ootcotscieictie
607 4009 773 4084 repugnate
793 3992 839 4060 ita
854 3987 1062 4060 motibidecn
1077 3985 1302 4080 subjungitur:
1330 3995 1441 4060 iisdem
1449 3997 1520 4082 jere
1529 4001 1572 4068 Α.
1590 4007 1622 4068 c.
1637 4013 1728 4076 Ma·

263 4097 432 4185 gileotoent
443 4095 590 4168 catholici
603 4088 714 4176 (illiti
727 4087 910 4180 censeantur.
944 4086 1071 4178 Igitur,
1095 4081 1152 4158 etfi
1164 4109 1224 4159 nec
1240 4087 1273 4156 in
1289 4087 1570 4183 privatisaedibus
1586 4091 1726 4174 aristen.

1689 4213 1726 4276 ie

299 4359 329 4439 o)
344 4346 500 4439 Quidnam
514 4353 658 4420 toleretis
674 4351 761 4419 domi
777 4351 857 4417 circa
871 4351 1069 4435 Religionem
1081 4349 1191 4430 liceat,
1213 4349 1351 4433 disquirit
1364 4349 1420 4417 cel.
1438 4351 1587 4419 Mosen
1598 4361 1632 4422 lec
1643 4359 1723 4426 Pro·

367 4459 469 4526 geom.
485 4439 521 4502 dc
542 4440 686 4502 exercitio
707 4435 877 4518 Religionis
894 4434 1069 4520 Domestico.
1093 4433 1150 4498 hie·
1160 4445 1265 4498 temen
1278 4436 1455 4496 exerentem
1472 4435 1645 4518 Religionis
1662 4443 1722 4510 itu·

367 4523 495 4606 proprie
514 4519 591 4583 lumi
606 4521 718 4592 debet,
739 4538 778 4580 ne
795 4517 976 4580 admittetur
992 4535 1080 4578 ector
1095 4519 1127 4580 in
1140 4515 1276 4598 injecto.
1306 4513 1513 4579 Sunuuuu
1535 4518 1645 4596 isonti.
1659 4527 1722 4595 Str

306 4634 310 4642 .
366 4608 526 4750 0313,th
542 4599 648 4750 {nti
662 4619 710 4686 13.
728 4601 937 4666 devotionem
951 4597 1151 4664 domesticatu
1171 4596 1407 4670 cumcxetcitio
1422 4595 1597 4686 Religionil
1609 4605 1721 4691 privo·

366 4692 406 4748 to
421 4703 461 4752 co
498 4699 540 4750 un
564 4681 599 4752 'lo
