4509 5550
950 535 1358 620 nissanrnrso
1409 485 1666 622 onina'1

651 743 731 792 euru
739 721 887 793 Rolano,
917 718 952 784 dt
967 719 1131 804 Adotplso,
1154 717 1311 784 nihilhoc
1323 716 1391 784 erit
1408 717 1511 790 aliud,
1540 715 1595 781 vel
1608 717 1700 804 plns,
1726 738 1820 804 quam
1834 717 2022 811 imperiefta

651 810 833 882 translatio,
852 803 1002 867 consensu
1016 801 1212 866 Trevirsnfis
1228 801 1376 866 Ecclesiae
1392 800 1494 865 adhuc
1504 801 1659 881 indigens,
1678 803 1907 885 consequenter
1919 801 2022 867 Adat-

649 889 707 976 plsi
725 907 853 972 quoque
876 886 915 950 de
932 884 1067 970 Spirsnfi
1085 883 1224 948 Ecclefia
1241 883 1383 967 provisio
1400 882 1613 966 parilorsniter
1634 885 1745 948 extitit
1763 882 1944 969 intrinsecus
1961 889 2021 949 irn-

649 969 802 1056 persriia,
826 967 860 1032 ἃ
873 968 911 1032 alr
924 974 1032 1033 eventa
1045 966 1235 1052 perficienda
1248 984 1304 1050 per
1316 964 1496 1030 consensum
1507 962 1657 1027 Eccleliae
1669 965 1866 1030 Trevirensss
1885 971 2024 1032 transla-

653 1056 747 1120 tionis
760 1052 958 1134 dependens,
986 1047 1168 1132 cujusmodi
1187 1048 1329 1131 provifio
1344 1049 1509 1112 erentnalis
1523 1067 1589 1109 nou
1603 1049 1714 1114 tribuit
1730 1050 1904 1133 pratentern
1918 1051 2024 1114 attio·

651 1155 726 1199 uem
744 1135 783 1198 ad
798 1131 1013 1198 relaxandum.
1054 1129 1144 1194 Erre
1158 1131 1221 1212 ipsa
1236 1131 1398 1214 Eugenins
1412 1129 1470 1198 lv.
1486 1149 1552 1192 non
1571 1140 1693 1194 tanturn
1708 1151 1774 1193 non
1789 1135 1896 1214 adegit
1916 1131 2025 1197 Rata·

652 1237 743 1290 nnm,
765 1226 801 1280 ut
812 1215 925 1280 lavore
937 1211 1078 1298 Adolplsi
1089 1215 1251 1277 recederet
1262 1215 1300 1276 ab
1314 1211 1453 1275 Eccleiia
1469 1209 1497 1274 S
1516 1211 1622 1294 irmst,
1639 1211 1689 1274 sed
1705 1215 1800 1276 etiam
1811 1213 1952 1286 indulfit,
1969 1225 2020 1289 ut,

651 1301 796 1364 motibus
815 1311 1004 1380 anno1435.
1024 1294 1228 1378 compofitis,
1246 1297 1376 1356 eandem
1392 1315 1465 1356 curn
1508 1293 1651 1376 rrvirrnſs
1663 1297 1828 1370 retineret,
1852 1295 2023 1360 secuudum

676 1381 741 1444 uod
759 1379 985 1462 Mogontinns,
1012 1377 1205 1462 coloniensis,
1228 1372 1262 1439 dt
1282 1374 1521 1460 Worrnatirnfis‚
1545 1395 1680 1456 quorum
1695 1376 1844 1440 decifinni
1861 1377 2023 1453 Rabanns,

534 1458 541 1476 ⁸
652 1401 687 1526 it
707 1461 828 1526 Uiritus
843 1479 864 1522 a
882 1456 1130 1540 Mandersrizeid,
1157 1460 1252 1523 ambo
1267 1458 1411 1521 exhausti
1428 1459 1635 1520 diuturnitate
1651 1458 1745 1533 belli,
1768 1457 2022 1540 sequestrationi·

650 1545 810 1639 bus-prius
827 1539 935 1637 latiis,
958 1539 1019 1604 sele
1038 1539 1254 1610 submiserant,
1274 1542 1540 1634 pronunciarunt:
1562 1539 1707 1623 definitus
1727 1539 1767 1621 eti
1807 1559 1840 1600 ar
1854 1560 1902 1603 eos
1916 1540 2023 1684 insta·

646 1617 2023 1798 ttlztitfttll''stitptfzttiilliti?‚it‘ilt.ttil,}litt{,t:

650 1791 786 1884 nifnter,
801 1794 909 1870 ,ynxta
922 1783 1062 1884 sormam
1081 1785 1299 1870 compaſssionis
1313 1783 1417 1868 satia.
1468 1781 1561 1847 Getta
1573 1782 1604 1848 Τ
1605 1786 1700 1853 revit,
1716 1785 1806 1853 relat.
1828 1787 1863 1850 in
1877 1783 1972 1855 Tam.
1987 1803 2020 1855 a.

651 1868 771 1936 Hsnon
787 1868 919 1953 diplom.
933 1867 1060 1934 Trevsr.
1080 1887 1153 1952 pag.
1167 1868 1239 1952 386.
1255 1878 1324 1934 not.
1343 1885 1374 1934 aa
1416 1863 1460 1931 Et
1472 1864 1514 1928 lic

923 1994 927 2032 l

921 2063 1119 2143 Solvuntur
1141 2082 1353 2168 argumenta
1377 2063 1640 2144 Panormitani.

538 2291 542 2298 ,
572 2215 721 2284 annno.
736 2233 786 2280 ts.
804 2213 1006 2295 Retorqueo:
1037 2213 1101 2290 Qui
1118 2212 1191 2274 vult
1202 2211 1377 2312 consequens
1391 2216 1644 2297 permutationis,
1663 2211 1690 2276 is
1703 2213 1799 2278 etiarn
1816 2213 1891 2278 vult
1903 2223 2018 2280 anteat·

649 2301 723 2363 dens
738 2299 971 2380 refignationis:
1003 2315 1081 2377 ergo
1094 2294 1117 2358 fi
1130 2307 1321 2376 permutatio
1341 2315 1408 2356 non
1427 2297 1607 2374 perveniret
1626 2295 1665 2356 ad
1684 2295 1770 2356 suum
1787 2295 1917 2372 statum,
1938 2299 2014 2362 refi-

650 2382 763 2462 gnatio
777 2391 881 2440 tamen
898 2375 1085 2442 sublisteret!
1121 2377 1279 2456 Adagium
1291 2376 1371 2458 juris
1387 2377 1529 2457 procedit
1544 2380 1578 2438 in
1590 2375 1638 2436 ln's
1653 2375 1912 2458 consapientium,
1941 2399 2015 2474 quae

606 2483 620 2506 ⁴
649 2481 716 2526 non
736 2460 913 2540 dependent
927 2457 966 2523 ab
981 2459 1123 2522 ulteriori
1136 2468 1260 2528 eventa,
1290 2459 1339 2520 led
1360 2460 1497 2521 numeris
1511 2456 1571 2520 suis
1588 2459 1735 2519 omnibus
1749 2457 1870 2522 absolvi
1888 2462 2017 2542 poliunt

651 2545 732 2606 inter
744 2541 824 2623 ¹[silos
837 2543 924 2614 iilos,
968 2543 1001 2602 ni
1017 2541 1120 2602 volant
1129 2560 1141 2610 ,·
1163 2559 1228 2601 nou
1244 2538 1286 2601 fic
1300 2542 1479 2613 translatio,
1500 2547 1629 2622 propter
1645 2559 1712 2603 can.
1730 2559 1778 2622 13.
1793 2540 1860 2603 dist.
1876 2544 1929 2606 61.
1943 2545 2016 2607 nni-

649 2627 698 2690 lns
712 2627 818 2687 invitis
832 2623 920 2714 detur
933 2563 998 2705 sipi
1011 2642 1111 2704 copon
1128 2619 1162 2684 ὅ(
1175 2621 1311 2704 postulat
1324 2623 1473 2685 naturalis
1488 2625 1569 2686 ratio
1582 2618 1720 2714 conpingii
1723 2620 1914 2704 spiritualis,
1927 2625 2022 2705 quod

537 2769 542 2779 ,
648 2709 760 2791 absque
775 2707 905 2768 duorum
920 2725 973 2766 ron
989 2703 1060 2781 ensn
1075 2723 1138 2764 non
1152 2705 1330 2785 perficitur:
1351 2706 1450 2785 igitur
1462 2704 1512 2777 id,
1534 2703 1619 2785 quod
1633 2706 1767 2767 voluere
1781 2705 1939 2768 Martinns
1953 2707 2014 2784 V.,

648 2788 684 2853 dt
705 2790 865 2857 Roianus,
883 2796 951 2848 erat
965 2788 1143 2849 nnilatrralr
1160 2784 1277 2852 adhuc,
1298 2784 1332 2845 u
1343 2789 1441 2867 imper
1455 2786 1565 2856 etlam,
1581 2784 1806 2866 consequenter
1821 2786 1915 2851 fiebat
1926 2808 2015 2853 rnen·

647 2874 791 2941 inoliter,
813 2888 884 2929 cum
897 2867 1038 2929 imbibita
1053 2866 1257 2927 conditione:
1282 2863 1321 2925 Si
1337 2866 1418 2927 Erite
1431 2885 1460 2929 ia
1484 2866 1665 2948 Trevirenfis
1679 2870 1808 2932 naliterit
1823 2870 1932 2934 nnbrre
1949 2872 2014 2935 lta·

647 2950 742 3015 tono:
766 2948 824 3009 hac
840 2950 987 3019 nolente,
1007 2946 1227 3016 nondumerot
1242 2947 1419 3021 translatio,
1442 2946 1498 3011 niti
1509 2949 1541 3012 in
1555 2950 1725 3033 propaſsio,
1749 2950 1782 3015 dt
1797 2944 1916 3031 offiffa.
1946 2952 2013 3018 Ve-

646 3031 687 3097 lit
704 3032 734 3095 in
751 3028 852 3093 Gallia
876 3026 1050 3111 Episcopus
1071 3026 1247 3101 transferri,
1278 3030 1360 3091 velit
1383 3028 1463 3113 Papa
1482 3052 1555 3095 eum
1581 3032 1772 3105 transferre,
1804 3022 2014 3115 expediantur

503 3154 520 3163 -
647 3112 779 3211 desuper
790 3109 902 3187 suto,
918 3108 983 3196 fine
999 3106 1140 3195 consensa
1151 3110 1432 3197 regioimperletta
1445 3131 1497 3178 rea
1512 3112 1577 3193 est,
1599 3114 1740 3197 nihilque
1757 3116 1879 3198 agitur:
1898 3136 2012 3210 ergon

646 3214 725 3280 pari.
922 3218 927 3229 ·

465 3268 474 3277 ι
542 3370 544 3377 ,
572 3316 687 3385 'Adra
709 3312 746 3375 In
761 3312 904 3377 textibus
918 3310 1063 3394 allegatis
1074 3290 1626 3401 tosesceffitconsmsussscolefismm'
1637 3311 1872 3399 postulantium,
1891 3314 2011 3381 &ideo

647 3393 781 3482 perfida
792 3394 977 3466 translatio,
998 3394 1173 3467 absolutio,
1191 3398 1322 3459 vacatio
1339 3399 1455 3479 prioris
1475 3397 1633 3473 eccletiae,
1655 3397 1765 3475 lesus,
1784 3416 1876 3480 quam
1888 3399 1922 3462 in
1938 3401 2011 3465 casu

649 3478 777 3551 nostro,
796 3478 851 3543 ubi
868 3476 975 3539 ousnia
992 3486 1080 3540 erant
1100 3479 1281 3542 eventnalia.

573 3612 626 3680 Ad
641 3632 689 3693 η,
715 3610 917 3693 Retosqueo:
940 3612 1105 3677 translatio
1117 3608 1268 3695 alsonis,
1289 3610 1343 3693 qui
1355 3628 1422 3673 non
1442 3607 1647 3696 supplicavit,
1669 3608 1750 3675 satia
1764 3611 1800 3675 oli
1816 3614 2009 3696 meritaper-

637 3680 726 3781 sance
739 3694 783 3757 est
801 3694 884 3758 airas
895 3696 1066 3777 legitimas:
1089 3712 1169 3776 orgo
1185 3694 1357 3757 nonhabet
1378 3694 1507 3755 tacitam
1522 3694 1758 3757 conditionem:
1797 3694 1922 3774 satiens
1936 3715 2006 3759 ron·

636 3773 790 3861 senseriti
816 3796 881 3837 nnn
898 3789 965 3841 erat
977 3777 1143 3839 translatio
1159 3776 1212 3839 illa
1231 3772 1354 3839 Radani
1368 3772 1456 3837 attus
1469 3774 1632 3859 legitimus
1643 3776 1678 3837 in
1689 3774 1749 3858 sna
1774 3775 1925 3839 sibilantia
1936 3798 2007 3860 per-

594 3890 598 3897 ·
638 3858 738 3944 salins
747 3878 759 3931 ,·
774 3856 809 3919 dr
824 3858 898 3921 ideo
910 3878 950 3920 rx
965 3867 1079 3921 natura
1091 3860 1137 3919 rei
1149 3858 1318 3919 imbibitum
1334 3858 1437 3919 tenuit
1456 3856 1692 3929 conditionem,
1710 3878 1805 3935 quous
1828 3861 2007 3941 exprimere

541 4004 573 4027 ,¹
642 3928 768 4005 nonest
781 3958 874 4023 opus.
917 3938 959 4001 Et
975 3958 1079 4019 nego,
1104 3939 1189 4019 quod
1205 3936 1370 4001 consensus
1387 3931 1532 4003 translati
1545 3936 1657 4001 debeat
1681 3935 1741 4003 else
1758 3940 1796 4003 ab
1808 3944 1890 4004 amni
1899 3942 2006 4003 rondi-

642 4026 723 4089 tione
736 4040 853 4104 parnas
878 4040 948 4083 cum
960 4020 1016 4083 fiat
1031 4022 1137 4083 animo
1149 4018 1303 4082 obtinendi
1313 4018 1560 4095 translationem,
1582 4018 1661 4087 ficut
1672 4020 2005 4107 consensuarefignan·

644 4108 724 4169 tium
736 4100 899 4185 praestatus
914 4105 1016 4167 animo
1032 4101 1241 4185 permutandi.

567 4239 621 4311 'Ad
635 4257 684 4321 14.
706 4236 815 4299 Potitio
826 4234 913 4318 pallii
925 4232 1003 4297 nihii
1018 4232 1093 4297 lacit
1106 4232 1144 4293 nd
1160 4250 1243 4295 rem:
1265 4230 1373 4296 uoluit
1390 4228 1537 4300 Rabonns
1550 4236 1716 4301 observare
1734 4236 1885 4319 tempora,
1906 4254 1941 4299 oc
1958 4256 2006 4303 ce·

640 4320 809 4385 remuriam
824 4318 944 4401 petendi
954 4320 1061 4400 pallii,
1083 4314 1116 4377 dt
1134 4314 1237 4378 lacere
1257 4314 1384 4390 Romae,
1407 4312 1498 4399 quod
1507 4320 1538 4381 in
1559 4322 1590 4382 ie
1604 4333 1688 4403 esat3
1712 4332 1877 4402 propterea
1895 4329 2002 4383 tamen

641 4418 761 4465 novam
779 4398 933 4481 sponsam,
956 4412 1028 4461 ante
1045 4398 1139 4477 hujus
1154 4397 1351 4471 eonsensum,
1373 4418 1437 4461 nnn
1452 4399 1587 4463 habuis:
1614 4402 1683 4465 Nec
1695 4401 1818 4471 referti
1832 4402 1917 4483 quod
1932 4401 2001 4484 pal·
2061 4407 2062 4414 ’

642 4484 719 4547 lium
741 4484 866 4565 petierit
883 4480 946 4569 post
958 4474 1156 4565 provifionern
1181 4478 1340 4561 Adolplri3
1361 4499 1433 4542 nans
1452 4482 1506 4544 illa
1522 4483 1583 4565 ipsu
1599 4483 1759 4567 provilla,
1778 4500 1873 4564 quarn
1893 4498 2002 4547 utrum

543 4596 547 4605 ·
640 4564 791 4649 filatanns
805 4566 948 4643 sciverit,
964 4583 1092 4643 necne,
1114 4564 1346 4648 incompertum
1359 4557 1425 4641 est,
1446 4563 2003 4663 dependitaprrsrtiionttranslntio·
2059 4639 2060 4646 p

707 4666 710 4677 ’
1435 4678 1440 4687 ’
1948 4666 2003 4713 nis
