4509 5550
510 581 557 642 ao
781 577 787 590 ·
924 554 1337 636 DlSSERTATlO
1384 557 1610 639 Pulsan-
1673 644 1675 649 ,
1725 587 1732 595 ·

614 732 752 821 Papam!
775 735 949 824 distinguo,
968 736 992 802 si
1011 756 1107 801 nemo
1127 738 1384 821 impedimentum
1400 740 1516 804 tollete
1532 737 1641 825 polilt,
1656 757 1751 823 quam
1764 740 1863 826 Papa,
1886 743 1991 824 sctum

616 818 764 884 fialius:
786 819 839 884 hic
861 827 968 917 autem
993 821 1114 885 licentia
1144 821 1324 904 transeundi
1346 824 1525 886 eventualia
1555 824 1753 904 qualificavit
1771 825 1987 904 indultarium,

615 902 1914 1071 ibit‘trististristis‘ttitihtbtttiittitt,itti
1930 929 1991 994 ¹²⁰⁴

548 1138 612 1210 Ner
632 1139 716 1204 diras
736 1157 766 1206 2.
805 1139 1012 1204 Innocentius
1027 1137 1099 1204 ¹ill.
1128 1140 1162 1203 in
1179 1157 1244 1223 cap.
1263 1160 1296 1224 3.
1326 1139 1357 1205 h.
1379 1149 1402 1207 t.
1423 1141 1567 1223 loquitur
1586 1141 1625 1204 de
1643 1139 1802 1215 Conrado,
1823 1139 1927 1284 quise
1949 1141 1990 1204 ab

500 1253 515 1267 ·
620 1219 795 1306 Hildefirnfi
817 1222 856 1284 ad
891 1220 1133 1304 Harbipaltrrstrrr
1165 1221 1380 1298 transtulerat,
1408 1234 1557 1306 tanquam
1575 1222 1732 1304 ejusmodi
1761 1222 1829 1284 Prae
1842 1229 1915 1297 ato,
1936 1225 1989 1288 cui

621 1307 801 1377 translatio,
821 1321 876 1388 per
895 1303 1008 1386 Papam
1025 1302 1187 1375 facienda,
1209 1302 1314 1367 suisset
1331 1303 1515 1378 necessaria,
1534 1303 1568 1368 dt
1584 1316 1689 1367 tamen
1708 1304 1819 1368 habuit
1837 1304 1991 1367 indultam

621 1383 803 1470 transeundi
828 1408 847 1447 a
866 1385 1014 1469 Coelrstina
1030 1385 1114 1459 111.;
1137 1403 1208 1447 nam
1226 1383 1337 1450 Iunoc.
1355 1385 1412 1448 Ill.
1431 1398 1514 1450 tunc
1536 1388 1689 1466 temporis
1711 1385 1790 1449 nihil
1814 1384 1916 1449 adhuc
1930 1384 1992 1450 sci·

621 1479 716 1531 verat
740 1469 780 1530 de
793 1469 853 1531 isin
868 1467 1013 1540 indulto,
1038 1468 1123 1550 quod
1157 1468 1333 1540 Corradus,
1358 1487 1456 1550 agens
1474 1469 1585 1547 xadhuc
1604 1469 1657 1530 sub
1676 1468 1809 1532 Heariro
1829 1465 1884 1536 Vl.
1907 1465 1990 1550 Imp.

548 1547 552 1554 ’
620 1549 868 1625 cancellarium,
891 1569 1025 1631 cumque
1036 1550 1149 1612 eodem
1165 1562 1295 1632 propter
1313 1553 1554 1614 coronationem
1568 1547 1732 1633 profestus
1750 1569 1800 1612 an.
1818 1564 1908 1634 1191.
1923 1548 1991 1611 Ro·

523 1657 533 1666 ·
619 1652 721 1706 mam,
743 1652 761 1694 a
781 1627 930 1718 Curlrflirro
944 1629 1258 1714 impetrassedicitur,
1276 1629 1310 1694 dc
1324 1633 1412 1694 modo
1425 1636 1458 1695 ia
1473 1635 1540 1715 fine
1554 1629 1650 1716 caasa
1665 1629 1825 1695 intersunt
1841 1632 1991 1694 excutio-

620 1732 680 1778 uee
695 1732 801 1777 coram
817 1713 856 1775 Pa
881 1735 898 1774 a
937 1714 1078 1778 roduxit.
1131 1711 1317 1797 Quanquam
1339 1715 1418 1776 illud
1435 1715 1593 1778 indultum
1614 1734 1680 1776 uon
1702 1711 1777 1777 esset
1795 1713 1932 1787 clarum,
1952 1721 1992 1777 ut

620 1797 729 1859 verbis
745 1813 844 1876 expte
867 1813 895 1858 ts
911 1735 1046 1886 iiceret,
1064 1795 1237 1858 Conradarn
1253 1796 1383 1876 transtra
1394 1793 1489 1880 poffr,·
1506 1797 1610 1859 sonuit
1622 1797 1706 1859 enim
1719 1793 1865 1874 referente
1876 1814 1941 1877 cap.
1955 1814 1990 1877 4.

621 1875 681 1952 fic,
699 1877 803 1960 quodsi
820 1877 861 1938 ad
884 1895 1031 1960 majorem
1047 1873 1178 1958 sorfitart
1196 1886 1356 1940 voraretur
1374 1879 1574 1958 dignitatem,
1592 1896 1659 1942 eam
1669 1877 1728 1960 fidi
1742 1879 1841 1940 liceret
1861 1896 1992 1941 nasu·

620 1977 761 2032 mann,
807 1959 872 2022 uod
902 1959 1036 2022 verbum
1056 1957 1206 2022 Germani
1232 1959 1417 2041 exprimunt
1446 1961 1618 2035 atuthnttttr
1652 1968 1820 2040 arreptarr;
1854 1979 1924 2022 cnm
1947 1978 1992 2041 uc

595 2040 699 2108 ,talia
721 1975 859 2114 indulta,
882 2047 997 2122 utpote
1017 2039 1201 2112 ambitiosa,
1222 2037 1282 2101 fint
1303 2038 1418 2103 strittae
1440 2041 1727 2122 interpretationis,
1749 2041 1882 2104 verbum
1904 1977 1989 2123 affia-

622 2140 703 2188 rrrert
722 2139 787 2184 non
807 2122 915 2185 debuit
930 2142 971 2183 cx
996 2123 1050 2183 oni
1072 2141 1130 2204 pro
1147 2122 1294 2202 tranſsrt:
1315 2124 1388 2202 quia
1404 2133 1510 2185 tamen
1525 2123 1568 2185 ad
1580 2119 1783 2200 excusandam
1801 2124 1912 2185 crimea
1933 2121 1990 2184 nd·

622 2203 790 2265 hibebatur
804 2203 876 2265 haec
894 2143 1109 2282 indulgencia,
1135 2222 1201 2264 nou
1227 2202 1397 2284 disputavit
1412 2205 1445 2266 in
1464 2221 1528 2285 cap.
1546 2223 1576 2282 4.
1606 2201 1813 2290 Innocentius
1824 2202 1921 2286 super·
1938 2205 1991 2267 in·

623 2281 737 2348 talitha
753 2285 845 2366 irajrrs
865 2283 950 2347 verbi
956 2325 964 2358 ,
983 2286 1033 2346 sed
1046 2281 1144 2366 saper
1161 2303 1210 2355 eo,
1233 2284 1319 2366 quod
1341 2284 1500 2347 Corradus
1514 2285 1552 2346 ad
1563 2303 1686 2366 parem,
1706 2303 1773 2346 uon
1785 2286 1823 2346 ad
1840 2286 1991 2368 majorem

623 2365 811 2446 dignitatem
831 2364 1024 2437 transiverit,
1044 2385 1102 2427 nec
1119 2368 1268 2447 praemitti
1290 2367 1449 2430 curaverit
1475 2367 1660 2436 canonicam
1673 2365 1907 2446 inquisitionem
1928 2387 1990 2448 po·

621 2445 817 2523 statutionis,
841 2447 1043 2531 personaeque
1060 2447 1244 2528 postulatae:
1272 2447 1337 2512 licet
1357 2467 1585 2511 ronanam
1607 2467 1861 2520 Amorraeus
1884 2449 1992 2513 vidra-

623 2538 697 2602 tur,
725 2539 760 2592 at
785 2530 1526 2612 nvuvnonn’rsrnorrafione1nstusad
1556 2529 1739 2611 dignitatem
1763 2529 1846 2614 pofflt
1863 2531 1993 2614 transtra

622 2615 862 2684 maionnn'rt
885 2611 927 2674 ad
948 2629 1097 2674 essunt
1121 2617 1221 2674 tamen
1241 2610 1297 2694 ipſs
1313 2611 1515 2693 transtreaon
1535 2613 1628 2674 licuit.
1675 2610 1736 2673 Sed
1765 2615 1899 2692 quidde
1924 2615 1993 2675 vir·

622 2701 695 2756 tute
713 2696 786 2756 talis
808 2694 923 2756 indulti
941 2693 1022 2756 disce
1046 2705 1148 2773 tamus
1168 2693 1264 2753 hodie
1285 2691 1451 2754 multum?
1471 2691 1579 2754 Nemo
1596 2691 1674 2755 iliud
1693 2694 1789 2775 petit,
1823 2711 1919 2753 uerno
1935 2715 1992 2757 ac.

556 2778 559 2783 ⁵
622 2713 1993 2942 tistulis?sitiisseinstitituit?”t‘t;,t{3:tttts¹tt,i.tt⁰

829 2900 839 2937 d
1091 2898 1101 2933 Ι
1474 2898 1485 2932 t
1927 2901 1937 2924 c

1179 3052 1220 3143 q.
1270 3041 1325 3127 ΙΙ.
1452 3114 1457 3123 .

906 3212 1346 3292 Translatiortis
1393 3212 1611 3311 effetias.

509 3403 516 3413 ¹
552 3378 587 3458 ’1.
618 3374 933 3456 Translatas'desinir
946 3382 1008 3456 esse
1021 3382 1206 3481 Episcopus
1222 3351 1341 3475 rcclrfiae
1354 3410 1375 3456 a
1387 3406 1465 3478 qaas
1482 3382 1635 3482 'proinde
1648 3382 1777 3455 nullutn
1794 3382 1827 3453 in
1843 3406 1882 3455 ea
1902 3385 1992 3480 tegi·

509 3478 612 3547 minis
628 3472 737 3575 abtum
754 3504 792 3553 ert
807 3506 848 3554 eo
863 3507 1018 3579 ternpore
1034 3482 1178 3578 amplius
1194 3481 1375 3556 exercebit:
1388 3488 1407 3529 ¹¹¹
1420 3506 1555 3557 ctonrrt
1573 3482 1765 3580 Capitulum
1781 3481 1905 3577 majus,
1931 3510 1994 3563 vce

505 3572 561 3651 iut
574 3574 642 3663 seir
661 3601 813 3661 vacante,
840 3577 1159 3652 administrationem
1178 3575 1325 3678 suscipit.

547 3718 570 3758 ³
594 3718 716 3791 Concil.
739 3724 930 3793 Chalcedon.
942 3747 1010 3793 can.
1032 3746 1081 3792 10.
1099 3726 1132 3790 in
1151 3742 1182 3789 2.
1199 3733 1278 3809 part
1298 3722 1427 3788 relatas
1447 3721 1600 3786 Gratiano
1622 3724 1653 3785 in
1668 3741 1735 3786 can.
1752 3740 1783 3805 3.
1803 3720 1894 3789 XXI.
1911 3744 1940 3809 q.
1953 3744 1987 3794 2.
2064 3731 2065 3736 ’

621 3802 730 3889 Siquis
740 3808 808 3891 jam
834 3812 1003 3875 translatas
1016 3810 1056 3893 esi
1073 3808 1112 3872 ab
1126 3808 1189 3871 alia
1204 3808 1314 3891 rccirfia
1329 3810 1363 3869 ia
1378 3806 1488 3877 altam,
1510 3803 1587 3865 nihil
1612 3803 1719 3867 lrabeat
1739 3823 1892 3871 commane
1919 3826 1989 3871 corn

617 3892 725 3969 priore
739 3892 868 3966 ecclesa,
884 3890 1014 3977 fivesad
1032 3891 1085 3955 bat
1106 3889 1216 3974 rcriesta
1242 3888 1410 4032 carptitatis
1430 3888 1610 3965 martyriis,
1627 3884 1690 3970 stae
1705 3888 1744 3948 in·
1757 3886 1904 3969 ptochiis,
1920 3889 1988 3969 five

619 3973 655 4035 ia
670 3972 881 4045 xenodochiis,
904 3984 960 4038 aar
982 3992 1085 4037 eoram
1098 3972 1239 4055 negotiis.
1297 3965 1456 4031 nnovavit
1472 3966 1558 4028 huuc
1573 3986 1726 4030 canonem
1741 3987 1789 4033 an.
1805 3972 1876 4043 816.
1898 3969 1988 4031 Con-

619 4052 728 4117 cilium
759 4053 1009 4139 Aqaisgranenst
1028 4075 1094 4137 cap.
1115 4072 1165 4135 50.
1190 4052 1298 4117 Conrii.
1332 4050 1475 4113 German.
1499 4048 1569 4112 edit.
1586 4068 1655 4114 narr.
1677 4057 1748 4112 torst.
1769 4068 1796 4115 1.
1811 4070 1888 4133 pag.
1910 4070 1985 4133 472.

619 4134 798 4199 Secundum
815 4137 878 4209 hoc
902 4138 987 4203 reete
1012 4136 1183 4199 Gratianus
1200 4134 1233 4194 in
1248 4136 1276 4213 §.
1308 4131 1383 4194 Ecca
1396 4130 1466 4212 post
1483 4146 1549 4191 ran.
1569 4149 1620 4209 41.
1658 4129 1735 4196 VII.
1757 4153 1786 4213 q.
1812 4150 1840 4192 1.
1861 4134 1985 4204 docuit,

620 4220 726 4298 quod,
748 4220 802 4301 qui
834 4222 982 4283 translato
1012 4218 1167 4290 succedit,
1188 4234 1255 4277 nou
1275 4215 1409 4283 uiuenti,
1431 4210 1481 4273 sed
1503 4208 1641 4294 defensio
1661 4212 1879 4299 quodammodo
1896 4212 1989 4309 Epis·

563 4344 571 4355 -
618 4320 704 4385 copo
737 4302 889 4385 probetur
913 4298 1071 4373 substitui;
1102 4298 1252 4375 quocirca
1277 4293 1520 4380 proverbialiter
1547 4294 1662 4360 dicitur
1686 4294 1857 4358 translatus
1885 4296 2000 4379 priori.

420 4378 424 4387 ’
618 4382 758 4447 eccleliae
778 4385 907 4476 civiliter
920 4391 1059 4448 mortuas
1078 4377 1150 4447 elie.

553 4544 608 4615 Il.
625 4522 914 4635 'accusatricem
933 4532 1073 4611 definit?
1122 4538 1177 4605 An
1193 4534 1236 4602 ad
1245 4531 1340 4621 sclam
1356 4528 1606 4603 translationem
1618 4526 1794 4608 verbalem,
1820 4546 1877 4598 aut
1892 4528 1988 4599 buar-
2037 4598 2049 4613 ‚

399 4622 404 4633 .
505 4652 593 4718 reni
640 4646 787 4717 Anvcro
802 4638 864 4736 μβ
878 4638 1018 4775 adaprant
1037 4634 1216 4723 {clamanda
1233 4629 1423 4729 Episcopatus
1444 4630 1568 4725 stianit
1590 4621 1784 4755 pacificam,
1811 4623 1844 4696 dr
1867 4618 1990 4795 {repelli}
