4509 5550
524 573 596 653 374
961 539 1552 622 u1ssrurarto

1174 719 1359 817 §.vra

539 924 551 933 .
624 866 708 937 Hoc
723 880 847 959 nempe
860 860 1044 945 Advetcria
1063 858 1162 935 titulo
1182 864 1407 959 Imperatores
1424 858 1458 951 l)
1474 852 1666 956 pientillimi
1687 880 1912 933 convocarunt
1928 862 2030 934 Con·
2050 930 2051 945 ,

531 962 627 1045 eilia,
652 963 844 1055 horumque
865 962 1019 1032 Canones
1043 954 1109 1031 suis
1128 957 1275 1051 Legibus
1301 954 1572 1041 confirmarunt,
1591 956 1766 1031 haretlcos
1785 960 2028 1057 extirparunr,
2050 992 2051 997 ¹

528 1057 681 1135 Ecclefiae
696 1058 841 1153 denique
856 1056 898 1130 de
912 1054 1100 1129 Pastoribus
1112 1058 1251 1156 optimis
1270 1055 1327 1129 diu
1330 1055 1576 1169 providerunt.
1623 1051 1689 1125 Etsr
1711 1056 1848 1153 quidem
1871 1056 2031 1151 allegare
2050 1058 2051 1065 ’

427 1236 434 1244 ,
527 1160 601 1232 haec
615 1179 785 1229 momenta
799 1152 859 1227 srnt
875 1154 1062 1247 ejusmodi,
1087 1154 1260 1252 exquibus
1283 1152 1504 1227 Prorellanres
1517 1157 1546 1243 s)
1561 1152 1666 1225 multa
1686 1154 1720 1223 in
1744 1178 1818 1227 rem
1834 1152 1926 1227 suam
1953 1181 2051 1255 pro]

530 1254 702 1330 asserendo
726 1251 791 1327 suis
809 1250 1020 1349 Principibus
1039 1256 1126 1350 Jure
1146 1256 1234 1327 circa
1249 1256 1348 1327 Sacra
1372 1256 1516 1351 proprie
1537 1250 1593 1323 tali
1608 1249 1773 1327 deducere
1790 1255 2027 1327 contendunt:
2050 1260 2051 1325 Ϊ

531 1352 628 1429 astfi
648 1373 873 1429 convocarunt
894 1352 1045 1428 Consilia
1060 1351 1126 1444 st)
1170 1356 1463 1433 consecrentur,
1499 1354 1747 1433 Tuuonosrr,
1788 1354 1935 1425 Cattour
1963 1352 2027 1425 vel
2050 1394 2051 1427 t

530 1453 609 1526 ideo
624 1453 760 1546 Magni:
786 1474 934 1547 pronum
946 1446 992 1521 ell
1004 1474 1042 1525 ex
1056 1446 1228 1532 Hilloria,
1254 1473 1312 1522 eos
1328 1473 1475 1521 nontam
1488 1444 1690 1542 essuprema
1706 1449 1848 1545 quadam
1864 1450 1898 1521 in
1914 1448 2028 1523 sacris
2050 1456 2051 1463 ’

530 1546 692 1653 praerensa
706 1546 885 1647 potestate,
911 1542 966 1621 sed
978 1550 1084 1641 magis
1103 1544 1339 1622 Proreblorum
1358 1548 1494 1619 nomine
1512 1540 1718 1631 convocasse;
1745 1570 1865 1645 utpote
1879 1550 1939 1645 qui
1959 1572 2027 1645 pa-

531 1674 605 1723 cem
620 1672 719 1745 arque
734 1646 887 1719 ordinem
902 1667 1075 1719 externum
1087 1650 1122 1719 in
1140 1646 1207 1719 illis
1230 1643 1482 1729 conservarent,
1506 1642 1658 1743 sumptus
1680 1642 1854 1743 Episcopis
1876 1672 1942 1743 pro
1964 1648 2026 1719 iti·

396 1775 403 1784 ’
529 1772 616 1819 nere
636 1744 795 1841 vistuque
814 1743 1084 1841 suppeditarent,
1116 1742 1296 1840 locumque
1319 1741 1520 1816 celebrando
1538 1742 1690 1816 Concilio
1713 1766 1830 1841 aptum
1851 1742 2026 1835 (necdum

534 1848 624 1917 enim
640 1866 717 1914 tunc
733 1839 875 1916 Ecclesia
895 1838 996 1915 urbes
1019 1840 1162 1916 habebat
1183 1868 1219 1915 ac
1239 1844 1448 1934 Provincias)
1465 1836 1674 1934 allignarent.
1723 1844 1817 1914 Fecit
1838 1866 1963 1940 nempe
1981 1843 2025 1915 fl-

529 1942 650 2025 ducia,
675 1962 776 2036 quam
790 1942 824 2009 in
839 1938 1006 2034 ejusmodi
1020 1938 1135 2013 zelufis
1155 1938 1365 2039 Principibus
1383 1936 1528 2013 'Ecclefis
1550 1935 1679 2037 posuit,
1693 1962 1747 2013 vut·
1762 1942 1811 2013 eis
1833 1966 2025 2040 contuean-

536 2039 658 2111 dorum
677 2036 906 2109 Conciliorum
929 2035 1127 2134 potestatem
1146 2034 1245 2111 facile
1265 2038 1482 2123 concederem
1505 2034 1562 2109 scd
1583 2062 1754 2135 nunquam
1776 2062 1883 2121 terte,
1907 2060 1947 2111 ut
1963 2044 2025 2117 Fi·

536 2136 592 2209 dei
609 2135 764 2229 dogmate
780 2130 958 2209 delinirent
976 2140 1017 2226 r).
1066 2137 1149 2223 Sed,
1175 2160 1304 2221 nonne,
1327 2141 1392 2219 ais,
1414 2158 1524 2209 errant
1541 2141 1647 2229 Leges
1665 2136 1938 2235 quamplurima,
1967 2162 2026 2210 ex·

904 2269 909 2280 ·
1963 2259 2022 2308 tra

576 2400 618 2484 ⁸)
638 2397 756 2500 Eadem
770 2358 840 2501 ipre
854 2399 1152 2505 inulscclefiasticisr
1165 2405 1231 2471 imo
1245 2405 1394 2505 potiora.¹
1420 2402 1621 2551 praetendunt
1635 2402 1738 2487 Reges
1751 2400 1869 2503 Siciliae
1882 2421 1942 2487 qus
1956 2402 2022 2469 Le-

648 2494 716 2629 pstr
728 2494 795 2547 nats
804 2482 967 2551 Pontificrs
981 2486 1107 2552 clatere
1119 2506 1153 2551 vr
1170 2488 1266 2553 bullae
1278 2487 1423 2553 Urbanrl
1441 2535 1449 2552 .
1464 2490 1560 2560 adeo,
1578 2498 1615 2551 ut
1626 2486 1697 2551 Rex
1710 2487 1842 2550 eaodem
1856 2505 1887 2550 tn
1901 2486 2020 2571 Regno

664 2587 707 2630 uo
720 2566 974 2647 jurladistionem
983 2568 1245 2641 Ecclesiasticus,
1292 2571 1394 2635 ualem
1409 2568 1560 2635 Pontifex
1576 2570 1609 2634 in
1622 2566 1759 2635 Ecclesia
1777 2570 1944 2633 universali
1962 2571 2021 2636 libi

649 2650 804 2713 vindicet.
834 2649 939 2727 ⁴Unde
956 2650 1096 2715 famosus
1113 2652 1226 2717 titulus
1247 2588 1438 2717 blacarder
1460 2651 1593 2725 Sicilire,
1622 2672 1639 2715 a
1660 2652 1743 2715 libro
1763 2652 1817 2715 sub
1834 2650 1897 2715 hoc
1917 2654 2022 2716 titulo

650 2732 756 2804 edito,
778 2731 925 2798 aoraton
938 2732 1006 2814 jors
1021 2734 1115 2800 latius
1130 2734 1273 2800 dedusts.
1307 2732 1369 2802 Sed
1385 2736 1454 2800 hoec
1466 2732 1616 2821 praetensa
1632 2736 1814 2800 monarchis
1829 2734 2024 2820 ascriptori-

655 2813 717 2876 bus
740 2811 915 2880 Poutificiis
935 2815 1104 2897 praesertim
1119 2817 1258 2880 Boroor‘o
1275 2818 1384 2880 multis
1404 2821 1589 2904 impugnata
1604 2817 1658 2884 cll.
1679 2817 1766 2885 cons.
1786 2817 2026 2903 Gundlt'ngr'una

654 2894 688 2959 P.
703 2895 744 2962 V.
759 2895 800 2961 N.
813 2919 844 2980 3.
863 2897 1022 2963 Gmnnane
1038 2895 1108 2964 hist.
1121 2899 1224 2982 Regni
1245 2897 1380 2983 Neapol.
1402 2902 1407 2910 “

574 3012 697 3080 similia
709 3014 779 3095 Jure
792 3015 970 3079 obtendunt
981 3017 1040 3082 alia
1058 3019 1176 3102 Regna.
1196 3019 1322 3100 Hispani
1333 3018 1453 3082 bullam
1462 3017 1618 3084 Crueiatae
1633 3005 1794 3086 femorali}
1816 3039 1851 3084 v.
1861 3019 2019 3102 Rnynuld.

550 3129 554 3133 ·
654 3097 736 3160 Galli
754 3097 930 3162 Libertatea
945 3099 1032 3182 suas,
1052 3103 1219 3184 dequibus
1239 3101 1294 3166 Bo
1305 3122 1320 3164 s
1331 3121 1439 3180 suus
1459 3103 1490 3166 iu
1508 3101 1581 3184 Das.
1598 3103 1823 3166 Detlurntr‘onir
1839 3103 1916 3166 Clari
1934 3103 2017 3169 Gru.

650 3181 690 3242 de
706 3180 819 3264 Regno
836 3181 1179 3264 Huogsr.'Kor,eAn
1197 3184 1234 3247 de
1252 3185 1341 3266 Orig.
1357 3181 1396 3250 8
1409 3182 1466 3266 usu
1478 3194 1623 3270 perpetue
1633 3185 1789 3269 potestatis
1803 3183 2019 3267 Legislutort'oe

650 3265 731 3327 circu
753 3265 842 3342 secra
863 3264 984 3350 Regum
1001 3265 1160 3348 Ungart'oe.
1184 3265 1312 3331 Vindob.
1333 3266 1423 3354 1764.
1441 3279 1470 3342 8.
1495 3267 1549 3330 ubi
1571 3270 1625 3338 ait,
1645 3265 1848 3330 serenillimos
1869 3267 2020 3349 Uogariae

652 3345 758 3427 Reges
772 3347 913 3418 Orienti,
936 3347 971 3411 dc
987 3349 1171 3424 Occidenti,
1193 3347 1426 3434 Imperatorum
1439 3347 1591 3434 exemplo
1607 3345 1716 3414 caderis
1730 3351 1813 3414 cirea
1827 3348 1910 3415 sacra
1924 3361 2020 3434 pote·

654 3429 734 3492 stete
750 3428 833 3494 Usos
849 3428 950 3497 suille.
1663 3431 1667 3438 ’

582 3547 616 3629 s)
637 3539 942 3612 cessoris-ronse
964 3546 1309 3616 Macoraormasrs.
1354 3547 1442 3622 Item
1456 3548 1632 3616 Luuewm
1645 3568 1669 3618 t.
1684 3551 1703 3616 l.

620 3663 781 3728 Persaeus
800 3667 838 3732 in
853 3663 1080 3748 ermbertus
1094 3671 1182 3736 tinet
1195 3667 1513 3752 blemenrssttlocit.

618 3779 796 3844 creamur
817 3783 845 3844 tn
863 3779 948 3854 tdntt
970 3781 1260 3865 urbtesettncnbrn
1275 3783 1571 3866 >belesmensem
1600 3781 1774 3865 ussermann
1800 3786 1870 3852 ttnb
1886 3783 2021 3867 weber

646 3863 751 3944 etrum
769 3861 1075 3944 oetzvcbtttbttnto.

529 4074 537 4092 ο
580 3975 930 4076 ”)·Couvocationem
939 3978 1157 4080 Consiliorum
1180 3981 1465 4046 oecumenicorum
1488 3981 1526 4045 ab
1550 3979 1595 4044 Itn
1620 3979 1795 4045 emtoribus
1815 3979 1885 4062 jure
1906 3979 2023 4048 fastam
2050 4037 2051 4108 l

655 4059 797 4208 llll?
812 4059 1035 4210 ‘ltfb‘ll‘
1054 4061 2023 4230 terami.funsstellae¹r.·tr·1„ttcttce
2050 4119 2051 4214 t

562 4267 566 4274 ·
655 4228 872 4292 convocando
890 4227 1037 4312 Concilio
1053 4227 1226 4310 disquisivit
1243 4245 1331 4290 vert
1355 4225 1498 4292 Esses
1515 4231 1548 4292 in
1572 4229 1622 4306 Tr,
1636 4230 1673 4294 de
1687 4231 1797 4312 placito
1812 4227 1860 4291 Re
1882 4230 1921 4293 t'a.
1941 4229 2021 4310 125.

661 4309 694 4374 C.
709 4330 736 4375 1.
779 4309 874 4374 Certe
895 4307 1107 4393 Imperatores
1132 4309 1257 4381 Carolus
1283 4307 1319 4372 V.
1340 4307 1375 4374 br
1392 4311 1604 4392 Fardr'nondtts
1628 4312 1653 4377 l.
1669 4315 1702 4375 io
1720 4311 1820 4378 Cone.
1865 4311 1921 4374 rid.
1946 4309 2022 4376 suos
2050 4327 2051 4334 ¹

656 4407 723 4454 non
742 4393 964 4475 neglexerunt
1009 4391 1230 4475 Sigitmtandur
1240 4394 1273 4457 in
1285 4391 1385 4456 Cone.
1398 4391 1503 4458 Const.
1517 4393 1550 4456 dr
1565 4393 1655 4460 Bassl.
1668 4391 1733 4459 dte·

581 4513 609 4585 t)
634 4505 720 4660 specs
734 4507 900 4677 ξιέξὲιιε
920 4513 1033 4581 Aurx.
1055 4505 1135 4602 Dt'ff.
1151 4509 1268 4623 XLod
1285 4505 1361 4580 Sar.
1379 4509 1440 4578 IV.
1466 4511 1515 4578 Dr
1529 4512 1651 4581 Nitens
1671 4511 1798 4584 concito·
1817 4515 2025 4582 convocatione

1434 4715 1453 4778 1
1859 4671 1895 4740 Ρ.
1911 4671 2024 4742 Geru-
