4509 5550
572 652 597 733 4
711 544 1126 735 piscantium
1173 540 1799 681 canonico-raurici

638 806 746 880 masia,
769 820 841 887 quie
855 798 1018 880 indignam
1030 788 1205 935 Apelletem
1213 783 1284 869 serie
1300 784 1440 847 facerent
1453 778 1664 851 Pontificem,
1690 790 1755 839 non
1771 770 1876 858 posset
1895 775 1929 841 in
1949 777 2016 841 hoe

638 892 781 976 judicare
802 884 992 967 Imperator,
1024 875 1053 937 se
1098 873 1271 941 eaaiiiiiim,
1306 871 1339 930 in
1354 865 1472 928 casibus
1494 862 1610 923 scilicet
1624 878 1665 921 eo
1678 860 1936 940 pertinentibus,
1966 862 2015 923 in-

397 989 427 1051 ‚23
638 973 858 1041 terveniente,
887 962 1114 1039 &exequente
1134 953 1347 1037 Imperatore,
1379 944 1615 1028 sicutexempsa
1629 943 1748 1005 docent
1763 938 1816 1003 sub
1836 940 1951 1008 Ottone
1965 942 2014 1009 at.
2036 950 2037 967 ¹

353 1055 429 1183 {Ji
465 1069 470 1077 '
614 1046 905 1166 &Hennensis
928 1045 1025 1127 impp.
1707 1044 1710 1051 ’

568 1217 618 1300 a.)
639 1214 724 1281 Ean
747 1207 969 1278 exterminator
978 1195 1193 1288 sesiiymatiiiii,
1218 1188 1304 1278 siqua
1315 1158 1453 1274 propter
1471 1180 1577 1271 plures
1594 1180 1632 1247 ad
1648 1174 1875 1247 Pontificatum
1891 1176 2013 1243 eleetos

645 1298 819 1367 orirentur,
839 1291 988 1353 mediante
1004 1278 1239 1363 tameasynaaa.
1282 1273 1438 1355 Exempla
1455 1272 1542 1352 plura
1558 1263 1838 1350 suggerithistorin
1853 1260 2010 1325 Eccieiia-

642 1381 729 1453 stica,
747 1374 916 1463 praesertim
931 1373 963 1433 in
978 1365 1179 1447 Sigiimaiiiiu
1193 1360 1289 1442 Imp,
1309 1358 1362 1437 qui
1378 1358 1486 1435 triceps
1503 1350 1629 1414 schisma
1642 1368 1704 1432 ope
1720 1345 1850 1409 concilii
1867 1346 2011 1429 Caussar-

642 1464 744 1547 tieafis
759 1458 896 1523 feliciter
907 1452 1060 1515 extinxit.
1101 1446 1150 1509 De
1166 1444 1225 1505 hac
1239 1436 1394 1522 potestate
1408 1432 1611 1517 Imperatoris
1626 1430 1667 1493 sic
1679 1430 1782 1493 scribit
1795 1430 1920 1491 Aeneas
1938 1426 2009 1507 Sal·

514 654 570 737 '35

641 1548 714 1609 airis
726 1544 760 1605 iii
777 1534 1001 1604 exhortatoria
1017 1530 1068 1621 sua
1080 1530 1119 1589 ad
1134 1526 1285 1588 unionem
1302 1520 1473 1592 Ecclesiae,
1499 1506 1566 1579 five'
1587 1512 1673 1609 epist.
1689 1522 1738 1585 18.
1757 1531 1815 1594 qao
1836 1510 1872 1572 iia
1880 1509 1963 1605 fiatri
1972 1507 2009 1597 fit

611 1644 616 1655 ·
641 1624 811 1708 respublica
823 1618 1004 1702 christiana,
1030 1613 1133 1674 aiaei:
1163 1601 1433 1685 taceeathrelefia
1447 1600 1507 1685 ess:
1537 1616 1587 1659 iree
1603 1616 1635 1659 ttt
1649 1596 1778 1679 papula,
1808 1612 1861 1657 eree
1874 1610 1908 1654 iii
1929 1594 2008 1659 ctera,

431 1747 435 1754 ·
640 1728 711 1792 pax
722 1706 783 1791 efl:
804 1699 984 1783 daletsuper
997 1696 1044 1757 iiii
1057 1690 1260 1775 inuisiiffiiiiur
1276 1686 1447 1779 Imperator
1459 1680 1573 1765 noster,
1593 1676 1633 1743 Es
1646 1696 1695 1740 ur
1710 1692 1939 1739 invocarunt
1953 1692 2008 1735 nir·
2036 1702 2037 1711 κ

518 1825 556 1852 -ι,
641 1806 713 1851 cnr
742 1802 948 1853 acarnania,
977 1792 1099 1862 operam
1126 1790 1241 1834 nauare
1270 1776 1370 1851 repit,
1407 1784 1456 1827 ur
1489 1778 1682 1825 sunonruur
1708 1778 1868 1821 scitisne
1887 1772 2007 1819 russin

516 1882 529 1937 ἶ
640 1882 873 1934 uranicum:
905 1861 948 1926 aii
966 1860 1018 1923 siae
1038 1860 1140 1920 mallus
1157 1855 1263 1935 aptior
1284 1848 1408 1911 uiaetim
1431 1845 1557 1917 madar,
1592 1860 1695 1915 Quart
1715 1858 1907 1903 numanum:
1929 1854 2008 1899 cour
2036 1870 2037 1883 ,

643 1963 870 2011 concinium:
894 1946 971 2009 hune
985 1936 1046 2025 ipse
1059 1940 1217 2019 ampiexus
1229 1932 1284 2017 ijs,
1304 1926 1342 1994 i?
1350 1926 1487 2071 superea
1501 1944 1661 1987 eiurante
1673 1940 1846 1991 muninus,
1870 1938 1906 1985 ae
1920 1921 2004 2003 prier-

448 2069 452 2076 <
521 2026 542 2039 “’
644 2031 762 2113 cipibus
771 2028 891 2111 scribit.
932 2021 1123 2092 Mirabisem,
1153 2008 1530 2094 eumqueaGaliaerege
1549 2004 1743 2089 propositum
1764 2004 1917 2079 moduni,
1939 2001 2005 2061 lon·
2036 2048 2037 2057 ,

640 2132 723 2194 gum
744 2112 917 2193 imperante
933 2106 1090 2168 Friaeri'eo
1103 2100 1170 2163 lsi.
1190 2095 1316 2158 schisma
1337 2092 1446 2173 papale
1462 2088 1686 2171 extinguendi,
1717 2086 1909 2169 approbavit
1929 2084 2005 2147 item

514 2217 517 2226 ’
645 2191 788 2256 curiosus
806 2190 1008 2255 virAeieeas,
1030 2174 1568 2253 tuncadhucsescribenspa'e'tam,
1599 2168 1633 2233 tir
1653 2168 1765 2231 Caesari
1785 2188 1803 2229 a
1826 2166 2004 2231 secretori-

642 2276 733 2337 iamo
750 2270 909 2341 existens,
944 2268 976 2329 in
990 2265 1073 2351 epist,
1087 2281 1139 2342 54.
1158 2261 1196 2322 ad
1216 2253 1516 2343 Casparem'Silrtite,
1548 2252 1751 2337 imperatoris
1771 2248 2004 2321 cancellarium,

643 2374 740 2439 quem
751 2354 884 2416 moduni
904 2366 941 2411 an
965 2346 1095 2430 ipsemet
1111 2344 1252 2410 Aeneas,
1275 2357 1334 2419 qua
1351 2336 1453 2399 taetus
1469 2334 1562 2413 Pius,
1578 2344 1798 2415 acceptaturus
1810 2330 1924 2413 spuisset,
1939 2328 2003 2393 vil.

644 2440 685 2502 de
710 2437 833 2500 dubito.
901 2428 993 2505 Vidi,
1021 2427 1140 2497 scribit,
1162 2421 1243 2504 quaa
1267 2440 1299 2483 re
1322 2439 1351 2481 es
1364 2416 1528 2501 scribaris,
1563 2436 1603 2479 ex
1625 2418 1719 2499 capiis
1742 2417 1904 2479 literarum
1919 2453 1941 2487 ,‚
1957 2426 2003 2473 aet

641 2520 787 2602 despera,
819 2535 882 2578 rem
909 2514 981 2574 aene
1006 2504 1086 2591 paffe
1105 2506 1255 2575 caudari,
1285 2439 1321 2589 s
1332 2500 1465 2583 aggredi
1493 2502 1619 2562 velimus
1644 2501 1831 2581 ii'egati'irme
1876 2494 2004 2560 amiitat

639 2605 740 2669 enim,
778 2607 815 2661 at
836 2596 945 2666 uides,
979 2588 1112 2673 displicet
1131 2580 1284 2669 'seiismm
1320 2602 1420 2645 amires
1438 2580 1610 2645 abstorreret.
1670 2582 1762 2647 Viam
1793 2590 1916 2653 auteur,
1955 2576 1970 2637 s
1987 2606 2000 2621 ·

640 2682 749 2767 piendi
775 2680 840 2741 hoc
869 2676 1004 2745 malum,
1052 2671 1196 2739 Carolus,
1228 2666 1298 2729 Rex
1325 2664 1481 2735 Franciae,
1516 2662 1713 2735 militarior,
1758 2660 1797 2726 t&
1820 2670 1936 2733 iuram,
1966 2653 2001 2721 δέ

638 2770 778 2838 breuem,
803 2758 958 2830 ostendit,
993 2764 1030 2818 ut
1052 2752 1108 2818 fiat
1133 2758 1293 2814 conuentus
1312 2749 1502 2829 principum,
1531 2746 1586 2810 vel
1609 2766 1720 2810 eorum
1747 2745 1941 2816 Oratorum,
1970 2742 1999 2800 i'ii

640 2847 793 2913 communi
812 2845 914 2924 aliqua
939 2843 1019 2909 lara,
1055 2837 1155 2914 ibique
1169 2851 1231 2895 una
1251 2833 1419 2912 recipiatur
1435 2829 1574 2974 corrigite
1616 2849 1649 2890 ir
1666 2848 1787 2892 omnes:
1817 2831 1856 2890 ad
1876 2827 1934 2888 hoc
1950 2841 1999 2884 aa·

638 2940 706 2993 tem
723 2925 935 3009 peragendum
952 2937 1034 3000 opus
1050 2914 1149 2986 esset,
1179 2910 1435 3055 rursuscscrisiere
1454 2931 1509 2972 caii
1538 2919 1565 2972 is
1586 2849 1721 2992 sigiliis
1743 2911 1997 2994 Priirripisrriiaae,

638 3022 680 3075 ut
698 3011 850 3072 Oratores
872 3005 944 3090 suos
960 3000 1189 3092 Aegimurum,
1212 2995 1265 3057 vel
1311 2993 1506 3076 aiijlantiaiii,
1530 2995 1725 3066 mitterent,
1741 2993 1838 3075 pleno
1859 2991 1996 3054 mentito

638 3091 787 3154 suffultos
800 3089 842 3152 aa
856 3104 956 3164 parem
973 3081 1102 3162 Eritefia
1113 3075 1370 3161 pertrasiaiiriam.
1418 3072 1440 3140 F
1443 3075 1532 3136 ienda
1550 3075 1625 3138 esset
1640 3075 1740 3138 rursus
1753 3073 1907 3156 expensa,
1934 3087 1997 3152 qua

639 3192 726 3234 anno
741 3171 905 3252 praeterito
920 3163 1001 3228 satta
1015 3161 1058 3224 est
1080 3163 1139 3226 vix
1155 3162 1361 3221 tricentornm
1376 3175 1542 3220 aureorum
1555 3179 1567 3230 3
1588 3159 1683 3244 paulo
1707 3158 1776 3234 plus
1795 3157 1998 3238 Coiijiaiiti'iiar

513 3317 517 3323 .
638 3251 939 3334 incongregatione
957 3244 1075 3308 alitent
1089 3241 1217 3304 concilii
1235 3240 1400 3322 exposuit:
1435 3239 1507 3301 Har
1520 3243 1571 3303 ui'a
1585 3261 1645 3302 uari
1656 3235 1749 3322 paffet
1765 3239 1910 3321 impertiri
1917 3257 1928 3307 ‚·
1952 3249 1997 3294 aea

641 3336 745 3418 Papa,
772 3353 822 3398 iree
839 3331 994 3394 eaneitiairi
1012 3327 1106 3388 reniti
1121 3319 1257 3405 maffeio,
1287 3331 1430 3404 tauquam
1453 3321 1561 3404 absque
1582 3323 1653 3405 ipss
1662 3323 1739 3406 fieri
1753 3324 1890 3402 nequiret
1896 3339 1909 3391 ,·
1938 3319 1997 3378 lieet

510 3455 530 3478 ι·
637 3423 719 3482 enim
734 3417 837 3480 Primi
859 3412 926 3474 iiiiii
931 3407 1131 3492 sacularibus
1144 3407 1299 3468 cairveiir're
1314 3406 1410 3475 i'iiai'ta
1430 3401 1588 3473 Germ&
1607 3425 1711 3466 tamen
1724 3403 1788 3466 illic
1803 3402 1876 3466 fieri
1893 3395 1993 3484 poliat.
2036 3425 2037 3430 1

637 3501 723 3567 Nam
742 3501 792 3561 ille
856 3511 897 3575 pa
918 3491 1110 3554 indubitatas
1128 3481 1213 3568 effer,
1244 3487 1293 3548 aas
1310 3503 1411 3547 amires
1431 3483 1584 3568 Principes
1605 3487 1766 3550 obedirent.
1814 3487 1892 3550 Non
1908 3481 1995 3544 video

636 3582 800 3651 Clericus,
824 3575 909 3657 quod
924 3573 1027 3636 velint
1039 3589 1097 3653 pro
1114 3567 1187 3639 ista,
1207 3567 1260 3628 vel
1278 3567 1330 3629 illu
1348 3577 1435 3649 parte
1450 3577 1529 3628 mart
1555 3569 1633 3630 rium
1649 3568 1739 3631 serre.
1785 3565 1905 3629 Omnes
1923 3565 1995 3626 hauc
2036 3589 2037 3598 κ

635 3659 735 3728 iidem
759 3659 936 3729 habemus„
969 3672 1063 3734 quarn
1086 3649 1183 3713 nostri
1206 3647 1392 3732 Principes,
1425 3649 1494 3726 qui,
1530 3587 1719 3712 sicolerent
1743 3647 1848 3722 idola,
1884 3647 1915 3710 tle
1939 3659 1994 3706 uos
2036 3653 2037 3658 ’

558 3781 566 3787 .
635 3744 846 3812 coleremus,
888 3735 923 3798 <lt
960 3754 1028 3798 noa
1070 3731 1170 3795 solum
1204 3729 1343 3812 Papam,
1385 3729 1435 3790 sed
1469 3731 1565 3792 etiam
1602 3730 1757 3796 Christum
1797 3745 1995 3814 negaremus,

634 3825 777 3890 saeculari
809 3819 965 3904 potestate
1005 3825 1165 3895 urgente;
1210 3815 1282 3894 quia
1315 3811 1459 3893 refriguit
1492 3811 1650 3886 claritas,
1680 3813 1712 3876 δε
1743 3816 1851 3876 omnis
1885 3808 1995 3876 interiit

633 3907 735 3973 fides:
763 3913 911 3983 atcunque
924 3899 984 3985 fit,
1003 3917 1105 3982 pacem
1119 3893 1336 3979 diflamamur,
1366 3891 1503 3974 quaſsae
1515 3915 1571 3975 per
1583 3897 1669 3960 aliua
1682 3897 1857 3969 caeciliam,
1887 3895 1930 3956 iiii
1944 3906 1996 3972 per

504 4023 514 4038 ·
631 3996 809 4055 corruentem
847 3986 1015 4064 iiiieipum,
1047 3979 1154 4050 detur,
1183 3977 1263 4040 eitii't
1281 3973 1398 4056 penam·
1420 3977 1583 4039 nonenim
1602 3979 1799 4050 denomino,
1823 3977 1993 4040 reddere,

630 4070 790 4138 contende
835 4086 884 4126 uin
904 4065 964 4134 est,
984 4078 1056 4124 vata
1070 4077 1196 4142 parterii,
1210 4057 1357 4141 fiplaret,
1378 4057 1527 4139 lapidem,
1551 4057 1590 4122 s&
1604 4059 1747 4133 domitii,
1769 4053 1993 4141 aumsamesw:

487 4183 500 4202 ·’
630 4176 694 4218 tlon
706 4159 834 4214 vaiatar
848 4147 1034 4210 Concilium:
1051 4150 1173 4204 vacetur
1186 4149 1363 4210 conventria,
1384 4147 1505 4200 uocetur
1517 4143 1759 4214 conciliabulum,
1783 4137 1992 4224 Caiigregatia,
2036 4129 2037 4138 ’

534 4249 553 4278 ·’
631 4236 828 4318 Synagnga,
854 4229 930 4307 iriiril
952 4225 1090 4310 interest,
1112 4220 1261 4303 aamscsir'
1275 4241 1324 4282 iiia
1340 4220 1476 4301 depellat.
1518 4219 1595 4286 Ideo
1617 4226 1692 4286 milii
1711 4223 1876 4288 admodum
1894 4223 1990 4304 piaret.

510 4380 514 4390 .
601 4386 606 4396 ,
630 4317 712 4403 quaa
727 4315 797 4377 Rex
812 4311 949 4397 Fraiiii'a
960 4307 1084 4392 scribit,
1105 4305 1227 4387 ejusque
1252 4305 1391 4364 eritertia
1405 4301 1601 4378 risiareieiae
1625 4324 1697 4370 nam
1712 4305 1835 4370 riaetiie
1849 4305 1928 4386 Regi
1942 4317 1991 4362 iii·

625 4401 693 4485 fleo
705 4397 880 4480 permittere
891 4390 983 4475 liujus
996 4385 1242 4472 congregationis
1255 4387 1450 4451 vocatiouem.

617 4551 705 4617 Ean
722 4545 868 4629 discretus
881 4541 1071 4628 obseruator,
1094 4560 1196 4624 nequa
1218 4539 1304 4604 sorte
1324 4537 1471 4622 persona,
1493 4543 1563 4622 pari
1580 4539 1820 4627 sliin'fli'aiiaiam
1837 4533 1986 4606 cmiimriat'i

495 4646 497 4649 ’
553 4581 576 4646 3
627 4632 668 4708 8
682 4630 814 4716 Ecctefia
824 4627 1047 4713 tranquillitati
1054 4621 1231 4713 periculosa,
1254 4623 1431 4714 aCollegio
1446 4621 1656 4694 cardinalium
1671 4625 1809 4714 eligatur
1819 4627 1852 4694 in
1863 4623 1989 4768 Pipppet
